2635 3544
1268 151 1402 220 a.-

150 301 234 342 quo
275 287 483 333 vocabulo
523 287 682 330 stultus
723 287 848 330 homo
889 286 1157 331 describitur.
1188 285 1376 329 Eodem
1409 299 1538 332 sensu
1567 287 1773 342 leguntur
1808 285 1977 341 stipes
2005 289 2050 328 et
2079 284 2296 338 caudeoe,
2341 286 2498 339 quibus

151 367 249 397 cum
278 355 511 409 consentit,
556 355 593 396 si
636 344 714 396 nos
743 354 944 396 dicimus:
992 353 1156 410 „810ssst
1214 352 1345 397 Haut.
1376 352 1477 395 877:
1525 354 1742 408 caudeoe,
1790 354 1964 409 stipes,
2008 353 2154 394 asiam
2179 351 2411 409 plumbeus.
2443 375 2496 383 —

150 423 439 476 Hyperbolice
469 422 631 464 dictum
660 423 898 475 reperimus
928 422 1311 464 celebratissimum
1338 422 1447 463 illud
1474 423 1657 463 montis
1688 422 1789 462 auri
1810 420 2018 475 polliceri
2045 419 2172 462 Phor.
2202 420 2276 462 67:
2317 421 2501 462 montis

151 490 253 531 auri
277 488 494 545 pollicem.
539 513 591 520 —
633 488 700 530 Ab
741 487 948 531 vocabulo
979 487 1117 543 lapis
1145 487 1383 531 derivatum
1415 493 1481 530 est
1509 489 1686 531 verbum
1717 487 2063 542 dilapidandi
2090 488 2116 530 i.
2150 500 2187 529 e.
2217 487 2496 530 consumendi

149 556 220 600 vel
248 556 495 611 dissipandi.
554 554 679 598 Phor.
711 553 811 597 898:
843 554 1109 609 dilapidat
1135 561 1302 597 nostras
1331 555 1511 611 triqinta
1539 556 1688 597 minas.
1719 579 1774 586 —
1804 554 1961 596 Later
1989 553 2116 596 Phor.
2151 552 2251 595 186:
2287 552 2497 595 laterem

151 623 307 678 lavem,
339 624 365 665 i.
398 636 434 665 e.
466 624 588 664 irrita
617 622 770 665 facere.
806 646 852 652 —
885 621 1065 664 Lutum
1095 621 1220 665 Phor.
1251 622 1352 666 780:
1388 623 1434 664 in
1465 622 1607 663 eodem
1637 622 1742 663 luto
1770 622 1971 675 haesitas,
2013 636 2195 664 vorsura
2225 620 2372 674 solves,
2401 622 2427 663 i.
2458 633 2496 663 e.

110 730 114 736 .
149 694 193 733 in
223 692 345 747 peius
375 690 549 732 incides.
611 690 759 732 Altera
801 691 927 732 huius
970 690 1261 733 translationis
1302 703 1400 745 pars
1444 704 1625 731 von-sura
1665 690 1797 733 solves
1832 692 1993 733 rectius
2031 690 2106 731 alii
2144 689 2239 732 loco
2268 690 2497 743 apponitur

149 760 222 801 ubi
252 758 304 799 de
334 758 592 811 metaphoris
622 757 809 798 diximus
839 771 864 799 a
891 758 1004 799 foro
1034 758 1156 811 quasi
1185 757 1402 799 derivatis.
1427 781 1473 788 -
1494 756 1792 799 Plantarum
1822 759 1993 799 nomina
2021 758 2230 800 translata
2257 757 2498 811 reperimus

150 839 217 869 ea:
248 824 370 867 Flos
398 823 506 868 Eun.
537 824 637 867 319:
670 822 783 878 flos
811 823 937 880 ipsus.
972 848 1021 855 ——
1053 824 1265 866 Iunceus
1294 837 1319 866 a
1346 824 1492 866 iunco
1522 823 1630 868 Eun.
1660 823 1763 867 316:
1808 823 1995 866 reddant
2024 830 2234 866 curatura
2262 822 2497 865 iano-eam

148 896 176 934 i.
207 905 243 934 e.
274 893 559 934 tenerrimam.
582 915 633 921 —
654 891 867 945 Scirpus
895 892 1027 933 Andr.
1059 891 1159 934 941:
1200 891 1353 931 nodam
1384 892 1431 932 in
1458 892 1627 944 scirpo
1659 892 1831 946 quaeris
1860 893 1886 933 i.
1918 905 1952 934 e.
1984 894 2105 933 irrita
2132 894 2238 946 agis.
2261 915 2311 922 —
2331 890 2496 931 Fucas

148 959 257 1001 Eun.
276 958 378 1001 589:
397 957 583 1012 fucum
608 958 775 1012 factam
805 958 971 1000 mvdieri
998 960 1023 1002 i.
1044 973 1079 1001 θ.
1101 958 1308 1012 decipere.
1328 983 1381 990 —
1399 957 1497 1001 Huc
1521 958 1794 1001 referendum
1818 959 1988 1001 videtur
2005 957 2111 1001 Eun.
2131 958 2238 1002 400:
2269 957 2343 1013 qui
2370 955 2496 999 habet

148 1025 324 1081 salem,
370 1025 482 1079 quod
519 1025 846 1067 usitatissimum
874 1037 1010 1079 aeque
1040 1029 1168 1079 atque
1197 1025 1407 1068 adiectiva
1435 1025 1624 1079 salsas,
1668 1024 1914 1078 insulsus,
1958 1027 2081 1068 cuius
2110 1037 2216 1068 usus
2244 1024 2496 1079 exemplum

149 1094 331 1147 legimus
350 1092 457 1133 Eun.
482 1092 600 1133 1079.
622 1114 676 1121 -—
696 1092 910 1132 Amaras
939 1092 1044 1133 Hoc.
1067 1092 1167 1134 710:
1199 1107 1402 1132 amarae
1432 1094 1627 1134 mulieres
1656 1101 1763 1134 sunt.
1784 1117 1839 1124 -—
1857 1093 2087 1134 Nominum
2116 1092 2492 1134 adiectivorum

149 1161 304 1201 deinde
334 1165 378 1201 et
407 1160 762 1201 adverbiorum
793 1173 901 1212 quae
932 1161 1044 1201 hunc
1074 1160 1214 1201 locum
1244 1161 1463 1202 obtineant
1492 1162 1786 1216 metaphorae,
1830 1161 2041 1215 plurimae
2070 1161 2155 1202 nisi
2179 1160 2265 1202 alio
2295 1160 2388 1201 loco
2418 1171 2495 1200 eas

147 1228 585 1281 commemoravimus,
618 1231 718 1269 sunt
746 1239 829 1269 usu
848 1228 974 1269 tritae
999 1226 1117 1279 adeo,
1148 1231 1196 1269 ut
1214 1228 1317 1270 satis
1335 1227 1564 1271 habeamus
1582 1240 1797 1283 perpauca
1815 1227 2014 1282 exempla
2030 1226 2209 1270 adferre.
2268 1224 2493 1269 Humilis

146 1295 252 1337 Hec.
285 1295 384 1337 380:
416 1296 476 1334 ita
506 1295 649 1348 fmaqni
679 1302 803 1349 atque
833 1294 1042 1335 humiles
1071 1309 1218 1335 sumus.
1240 1316 1294 1324 —
1312 1294 1578 1336 Contrarium
1608 1297 1848 1349 reperimus
1878 1295 1983 1336 Hec.
2008 1294 2110 1336 507:
2140 1293 2330 1334 sublati
2359 1292 2495 1333 animi

146 1370 253 1403 sunt..
285 1386 338 1391 -—
369 1362 566 1402 Firmus
594 1361 700 1403 Hec.
734 1362 832 1402 746:
872 1377 1028 1416 ‹Jzaeaere
1060 1360 1191 1402 alium
1223 1361 1300 1401 tibi.
1314 1361 1619 1415 firmiorem.
1655 1387 1700 1392 —
1737 1362 1870 1403 Andr.
1902 1362 2002 1402 571:
2042 1376 2240 1416 qenerum
2258 1359 2490 1415 firmum.

146 1453 200 1459 -—-
243 1427 455 1470 Solidus
485 1428 616 1470 Andr.
649 1428 752 1470 647:
800 1420 1013 1469 solidum.
1051 1427 1265 1484 ‚qaudiuna
1314 1453 1360 1458 --
1406 1428 1513 1470 Eun.
1544 1429 1644 1471 318:
1688 1429 1804 1471 color
1832 1443 1975 1480 veras,
2022 1442 2174 1483 corpus
2202 1426 2423 1469 solidum
2451 1432 2493 1467 et

145 1496 236 1536 suci
257 1495 445 1551 plenum.
494 1519 542 1525 ··
591 1496 812 1536 Duo-iter
838 1497 970 1538 Andr.
1002 1496 1073 1537 74:
1116 1496 1246 1537 vita-m
1278 1495 1473 1536 duriter
1503 1496 1667 1551 agebat.
1707 1520 1755 1527 —-
1800 1496 2059 1538 Horridus
2088 1494 2214 1537 Phor.
2248 1495 2346 1537 106:
2393 1495 2493 1549 ipsa

145 1562 378 1604 horrida.
425 1586 479 1592 —
524 1563 667 1603 Mitis
706 1566 740 1603 si
772 1564 943 1615 quidem
974 1564 1015 1604 id
1047 1563 1299 1604 vocabulum
1331 1564 1382 1604 ab
1411 1564 1608 1617 frugibus
1638 1566 1930 1606 maturitatem
1961 1563 2245 1605 sentientibus
2274 1562 2493 1603 derivetur

145 1630 224 1673 Ad.
245 1630 345 1672 276:
365 1630 501 1671 mitis
521 1637 591 1671 est.
610 1655 665 1660 —
683 1630 879 1672 Fortasse
897 1630 1002 1673 Hoc.
1022 1630 1124 1672 440:
1144 1628 1417 1681 rubicundus,
1438 1630 1614 1683 crispus,
1635 1646 1816 1684 crassus,
1836 1631 2013 1682 caesius,
2032 1628 2344 1671 cadaverosa
2350 1617 2492 1683 facie.

347 1696 406 1738 Ut
434 1698 519 1739 iam
548 1696 600 1738 de
631 1697 782 1739 rebus
811 1697 994 1739 fluidis
1024 1696 1256 1751 videamus,
1286 1709 1465 1750 quarum
1496 1697 1798 1739 translationes
1828 1697 1881 1738 ad
1911 1710 2040 1739 unam
2068 1709 2216 1740 omnes
2245 1696 2291 1737 in
2320 1695 2492 1737 verbis

146 1766 306 1818 insunt,
336 1765 573 1818 reperimus
602 1763 709 1805 Eun.
744 1764 824 1805 105
854 1776 941 1817 sqq.
973 1765 1263 1818 metaphoram
1292 1765 1671 1818 elegantissimam,
1703 1777 1788 1817 qua
1817 1759 2044 1807 Parmenio
2076 1776 2227 1805 servus
2257 1764 2339 1804 sibi
2368 1763 2490 1804 fabu-

146 1834 229 1873 lam
260 1833 421 1873 narrari
451 1836 569 1872 ratus
598 1845 643 1872 se
662 1833 801 1885 ipsum
821 1845 918 1872 cum
936 1833 1136 1884 amphora
1154 1836 1368 1884 comparat
1387 1832 1514 1884 plena
1531 1833 1748 1884 rimarum,
1779 1845 1834 1872 ex
1853 1833 2009 1883 quibus
2028 1832 2134 1873 false
2153 1832 2268 1872 dicta
2286 1830 2490 1882 ecfluant3

146 1900 249 1942 haec
279 1898 425 1941 dicens
456 1900 615 1954 agitur:
642 1897 817 1947 ,Plenus
846 1900 1048 1940 rimarum
1079 1914 1188 1953 sum,
1217 1899 1296 1942 hac
1326 1905 1453 1955 atque
1482 1897 1586 1940 illac
1609 1898 1826 1955 perfluo
1852 1924 1895 1930 —
1937 1904 2028 1942 tum
2058 1898 2142 1941 alio
2171 1898 2265 1941 1000
2295 1910 2355 1940 VS.
2390 1895 2489 1939 121:

152 1966 381 2022 Utrumque
409 1966 484 2007 lzoc
510 1966 727 2021 j'alsumst,
760 1966 964 2017 ecfluet.
997 1991 1044 1996 -—-*
1086 1967 1245 2008 Similis
1276 1979 1427 2009 Sensus
1458 1965 1712 2021 divulqandi
1740 1968 1999 2021 exprimitur
2021 1963 2378 2020 permanando
2407 1964 2489 2007 Ad.

145 2035 245 2077 283:
294 2034 354 2074 ad
394 2040 562 2089 patrem
604 2034 678 2074 hoc
703 2041 994 2089 permanet..
1031 2058 1077 2063 —
1128 2033 1269 2075 Aliter
1312 2047 1357 2076 se
1403 2034 1527 2075 habet
1569 2047 1666 2075 cum
1706 2035 1892 2088 legimus
1930 2034 2010 2075 Ad.
2045 2033 2142 2075 134:
2180 2031 2493 2087 profundat,

138 2095 320 2158 perdat,
358 2108 526 2157 pereat.
575 2126 623 2132 ——
671 2101 750 2143 Ad.
781 2102 883 2143 991:
924 2100 1214 2155 ecfundite,
1257 2101 1327 2143 ubi
1367 2100 1532 2156 prodigi
1572 2101 1640 2142 vel
1674 2101 1838 2155 profusi
1868 2102 2061 2143 homines
2090 2100 2406 2142 describuntur.
2438 2123 2492 2130 —-

145 2169 240 2210 Uno
269 2170 362 2211 loco
392 2168 812 2223 verbafundere.
870 2169 951 2211 Ad.
982 2169 1080 2211 769:
1131 2169 1193 2209 Tu
1222 2168 1371 2209 verba
1398 2168 1585 2221 fundis
1614 2168 1699 2218 hic,
1731 2169 1958 2223 sapientia.
1990 2192 2040 2199 —
2072 2168 2346 2222 Emeryere
2375 2180 2493 2208 com-

142 2236 336 2290 pluribus
382 2237 486 2278 locis
530 2236 787 2278 transfertur
830 2237 950 2279 velut
994 2236 1128 2278 Andr.
1170 2236 1270 2279 562:
1318 2251 1405 2278 sese
1450 2250 1755 2277 emersurum
1796 2235 1933 2278 malis.
1979 2259 2031 2265 —
2076 2234 2184 2277 Eun.
2228 2234 2331 2277 555:
2379 2233 2495 2276 ande

147 2318 402 2360 emer-qam.
425 2329 476 2336 —
496 2305 573 2347 Ad.
593 2304 694 2347 302:
726 2310 783 2345 tot
811 2319 879 2345 res
909 2303 1242 2358 circumvallant,
1275 2304 1385 2345 unde
1416 2304 1602 2359 emeryi
1630 2318 1712 2345 non
1735 2310 1888 2358 potest.
1948 2301 2068 2352 Quae
2096 2302 2322 2345 translatio
2352 2301 2497 2344 audax

147 2378 233 2426 est,
278 2373 477 2426 quoniam
518 2372 658 2413 verbis
700 2371 1053 2413 circumvallandi
1087 2375 1131 2413 et
1151 2362 1400 2427 *emergendi
1426 2371 1534 2413 duae
1563 2372 1770 2426 imagines
1800 2383 1973 2426 prorsus
2003 2370 2284 2412 abhorrentes
2314 2371 2492 2411 commi-

147 2444 333 2481 scentur.
393 2438 697 2480 Adverbium
737 2438 900 2494 liquido
946 2440 1080 2481 semel
1111 2439 1242 2481 Andr.
1276 2432 1374 2481 729:
1421 2445 1462 2479 nt
1507 2438 1705 2494 liquido
1741 2439 1913 2492 possim.
1961 2461 2016 2467 —
2061 2437 2228 2479 Deinde
2258 2437 2496 2478 nonnullae

147 2507 418 2560 metaphorae
462 2518 601 2558 neque
645 2506 849 2548 obscurae
893 2520 917 2547 a
960 2508 1089 2549 verbo
1125 2506 1369 2561 frigendi
1412 2511 1605 2559 sumptae
1649 2511 1692 2547 et
1735 2506 1787 2547 de
1830 2506 2122 2547 hominibus
2164 2509 2209 2546 et
2247 2504 2300 2546 de
2339 2504 2493 2545 rebus

147 2573 361 2616 dicuntur.
420 2572 482 2615 De
511 2573 804 2615 hominibus
833 2573 953 2615 velut
982 2572 1091 2615 Eun.
1121 2573 1222 2616 268:
1265 2573 1313 2615 ‘ni
1342 2573 1502 2627 miram,
1531 2572 1640 2613 hisce
1669 2571 1852 2614 homines
1882 2571 2090 2628 friqent.
2134 2595 2191 2601 —
2232 2569 2358 2613 Phor.
2387 2569 2493 2613 994:

148 2648 287 2698 tanqe,
324 2643 362 2682 si
388 2656 472 2683 non
501 2648 607 2683 tows
624 2641 814 2697 friget,
843 2654 906 2681 me
937 2641 1070 2682 enica.
1131 2641 1288 2683 Confer
1315 2646 1521 2683 nostrum:
1555 2639 1678 2693 „ftart
1707 2639 1823 2692 {eiust
1845 2664 1893 2670 —
1928 2639 1991 2681 De
2021 2640 2178 2681 rebus
2206 2637 2317 2680 Eun.
2347 2636 2493 2688 51617:

146 2725 372 2751 sermonem
405 2725 609 2766 quaerere
640 2709 712 2750 ubi
729 2709 916 2763 friget.
946 2731 1001 2739 —
1031 2708 1111 2751 Ad.
1143 2708 1245 2751 233:
1274 2708 1559 2762 refriaeerit
1588 2722 1667 2750 res.

350 2776 458 2819 Tum
488 2778 652 2831 aliquot
682 2775 898 2830 praeclara
927 2775 1125 2830 exempla
1153 2767 1494 2830 metaphorarum
1524 2774 1821 2830 investiganda
1850 2779 1966 2829 sunt,
2002 2788 2109 2830 quas
2138 2778 2264 2829 poeta
2291 2774 2344 2816 ab
2372 2785 2428 2815 ae
2441 2786 2494 2816 re

147 2845 420 2899 deprompsit.
480 2844 590 2887 Sunt
618 2846 740 2886 haec:
771 2842 930 2884 Imber
959 2855 1043 2884 uno
1075 2842 1167 2885 loco
1197 2844 1368 2885 nomine
1399 2856 1587 2883 aureus
1621 2843 1815 2897 apposito
1845 2843 2108 2885 transfertur
2135 2841 2243 2885 Eun.
2273 2840 2375 2884 585:
2416 2841 2493 2882 mi·

147 2913 247 2954 sisse
279 2913 401 2953 aiunt
430 2911 628 2953 imbrem
658 2927 879 2954 aureum.
912 2935 962 2941 —
993 2909 1154 2952 Eadem
1183 2911 1311 2965 Iovis,
1343 2915 1390 2953 ut
1419 2912 1480 2952 ita
1507 2910 1659 2965 dicam,
1696 2912 2051 2967 metamorphosis
2080 2911 2336 2966 exprimitur
2366 2922 2492 2952 versu

148 2979 252 3022 589:
307 2979 500 3035 pluvia.
534 3003 587 3009 —
617 2979 724 3021 Eun.
756 2979 857 3021 589:
890 2979 1046 3021 venisse
1076 2977 1312 3020 clanculum
1336 2993 1419 3032 per
1443 2978 1733 3034 pluviam*).

351 3091 382 3133 *)
418 3090 466 3123 Ex
492 3089 751 3136 Umpfenbachii
776 3090 981 3124 auctoritate
1015 3100 1133 3123 versus
1157 3091 1256 3132 588,9
1291 3090 1327 3123 111
1359 3090 1474 3124 codice
1497 3091 1527 3124 A
1561 3091 1775 3125 nobilissimo
1798 3093 1834 3124 et
1864 3090 2106 3136 antiquissimo
2136 3089 2228 3123 inter
2251 3088 2436 3121 Vaticanos
2458 3098 2494 3121 n.

417 3147 505 3182 3226
529 3157 605 3182 cnm
631 3147 703 3182 rell.
729 3147 763 3181 in
788 3147 880 3181 hunc
902 3146 1040 3181 modum
1065 3145 1246 3189 leguntur:

782 3203 894 3236 Deum
916 3203 987 3236 se'se
1009 3201 1046 3234 in
1068 3201 1240 3235 honinem
1264 3201 1469 3236 convertisse
1492 3207 1594 3246 atque
1619 3204 1653 3235 in
1681 3204 1776 3246 (per)
1802 3203 1937 3236 alienas
1961 3203 2093 3247 tegulas

790 3258 925 3292 Venisse
948 3258 1143 3291 clanculum
1161 3268 1229 3300 per
1252 3258 1446 3300 inpleivium
1463 3259 1590 3300 sticum
1607 3260 1748 3301 factum
1773 3258 1920 3292 mnilieri.
1970 3251 1973 3252 ⁷
