2635 3544
1301 186 1324 228 7

1179 245 1251 255 mx-

144 326 393 377 Sequuntur
448 324 578 366 verba
635 323 896 378 tanyendi,
950 322 1202 376 feriendi,
1260 321 1476 376 tegendi,
1542 321 1887 373 devinciendi,
1945 332 2056 374 quae
2102 332 2199 363 cum
2247 322 2482 364 mutatione

143 396 218 435 aut
254 393 298 434 in
333 391 460 434 aliam
495 392 683 444 corporis
723 392 935 434 actionem
969 391 1154 433 aliumve
1193 389 1406 432 adfectum
1447 389 1764 432 transferuntur
1803 394 1879 432 aut
1906 389 2050 431 animi.
2109 386 2234 440 Phor.
2265 388 2364 432 690:
2405 387 2482 431 hoc

143 459 264 499 ulcus
293 465 500 512 tanqere
529 459 557 497 i.
589 470 624 497 e.
656 462 866 498 nostrum:
912 459 955 499 in
1000 457 1066 499 bet
1093 457 1197 500 §Rebe
1240 458 1352 498 einen
1386 456 1521 507 {aulen
1558 455 1690 511 ς13111ιῆ
1726 456 1926 509 betiibren.
1960 458 2025 485 '—-
2067 456 2210 495 Aliter
2237 455 2346 496 Eun.
2377 455 2480 497 420:

147 526 239 576 Quo
261 533 390 582 pacto
418 525 629 567 Rhodium
661 525 915 580 tetiyerim
942 526 989 566 in
1018 524 1305 567 convivioffl—
1333 524 1492 567 Eodem
1522 525 1794 567 referendum
1823 531 1889 567 est
1918 525 2097 566 verbum
2128 539 2225 565 com
2236 524 2344 564 miti
2350 524 2480 579 qari,

143 594 257 649 quod
274 593 526 636 translatum
547 604 632 635 uno
650 593 743 635 loco
762 594 975 648 reperitur
993 604 1090 635 cum
1108 593 1276 647 propria
1295 591 1602 647 significatione
1622 593 1762 634 carnis
1781 591 2020 634 reddendae
2033 591 2187 634 mollis.
2228 590 2336 634 Eun.
2353 590 2480 633 1028:

149 662 321 702 Utinam
349 661 427 700 tibi
456 661 794 713 commitiqari
821 660 989 699 videam
1019 660 1218 699 sandalio
1247 666 1387 713 caput.
1445 660 1659 699 Audacior
1676 659 1801 699 Phor.
1819 660 1893 698 47:
1920 660 2149 711 ferietur
2177 658 2266 698 alio
2296 673 2481 709 munere,

142 730 187 769 in
231 742 316 781 qua
355 727 517 769 ironiae
560 726 674 767 inest
702 727 785 779 vis,
830 740 927 767 cum
968 742 1117 767 memus
1157 726 1317 767 dictum
1357 726 1413 766 sit
1449 739 1525 779 pro
1555 724 1720 766 damno.
1765 749 1820 756 —
1861 724 2090 767 Praeterea
2117 725 2302 768 fortasse
2331 723 2482 767 eodem

142 808 321 837 numero
361 793 602 836 habendum
642 797 707 835 est
746 793 856 835 Eun.
892 793 996 835 417:
1041 793 1312 849 inyularas
1345 791 1578 834 hominem?
1620 804 1704 845 quo
1743 793 1872 834 verbo
1916 793 2013 846 plus
2053 793 2166 835 facto
2210 792 2390 844 dicitur,
2432 795 2482 835 ul

142 861 399 917 hyperbolae
430 860 583 902 similis
610 859 685 902 fiat
712 860 946 902 translatio.
997 884 1043 889 —
1088 860 1247 902 Eodem
1285 861 1375 902 fere
1416 872 1545 900 sensu
1572 858 1654 899 Ad.
1688 858 1785 900 182:
1831 874 1958 915 aeque
1988 859 2048 900 ad
2075 874 2214 900 necem
2246 859 2481 915 operiere

144 929 258 970 loris.
301 951 355 958 —
396 927 516 968 Idem
546 926 813 980 significandi
843 940 971 968 causa
997 941 1082 968 uno
1110 928 1202 968 loco
1231 928 1413 981 legimus
1442 926 1686 980 scapulas
1711 925 1889 980 perdidi
1917 926 2042 968 Phor.
2074 927 2139 968 76.
2169 929 2196 968 i.
2228 941 2263 969 e.
2294 932 2479 981 tergum.

144 1019 190 1027 —
239 994 585 1037 Diverberare
614 993 739 1037 Phor.
769 993 870 1036 327:
919 992 1028 1042 Quot
1056 1008 1119 1036 me
1149 1009 1287 1036 censes
1319 994 1500 1037 homines
1533 994 1620 1035 iam
1652 993 2001 1035 diverberasse
2042 1008 2172 1049 unque
2214 994 2274 1036 ad
2312 993 2482 1036 necem?

143 1076 227 1116 qua
256 1076 354 1105 cum
383 1063 630 1116 metaphora
659 1062 819 1115 optime
856 1063 1068 1116 convenit,
1113 1074 1210 1103 cum
1249 1075 1326 1104 nos
1369 1062 1566 1103 dicimus:
1614 1061 1843 1114 „jemanben
1873 1060 2055 1114 ptessen.‘⁴
2101 1085 2156 1093 -
2199 1062 2479 1104 Devincire

141 1131 275 1172 Andr.
319 1130 420 1172 561:
466 1129 660 1184 coniuqio
705 1128 877 1169 liberali
920 1129 1217 1180 devinctum,
1260 1129 1480 1181 multaque
1523 1128 1607 1169 alia
1649 1128 1777 1169 huius
1818 1129 1937 1170 verbi
1979 1130 2178 1183 exempla
2220 1129 2350 1171 Haut.
2380 1129 2478 1184 208,

141 1198 238 1251 394,
281 1197 388 1238 Hec.
423 1197 515 1250 167,
547 1196 584 1238 8.
650 1196 833 1251 Teyere
861 1196 966 1238 Heo.
999 1197 1091 1251 165,
1127 1198 1170 1238 6:
1213 1196 1397 1236 iniurias
1429 1196 1510 1236 viri
1538 1209 1677 1236 omnes
1703 1194 1823 1246 ferre
1853 1202 1892 1235 et
1921 1202 2086 1250 teqere
2114 1196 2394 1237 contumelias.
2425 1220 2478 1228 —

147 1264 371 1305 Onerare
400 1263 534 1306 Andr.
567 1263 666 1305 827:
697 1278 909 1304 onerare
939 1264 1114 1305 iniuriis.
1144 1263 1448 1304 —>--Trake›re
1478 1263 1610 1306 Andr.
1641 1263 1740 1305 260:
1773 1264 1955 1303 anima-m
1993 1262 2158 1304 divorse
2185 1263 2400 1305 trahunt.
2425 1286 2482 1294 —

143 1331 419 1373 Intendere
447 1330 556 1373 Eun.
587 1332 689 1374 312:
719 1346 867 1373 nervos
895 1331 1127 1373 intendas
1156 1339 1255 1372 tuos.
1312 1331 1448 1374 Multo
1477 1332 1602 1373 aliter
1630 1344 1699 1372 res
1729 1344 1774 1373 se
1805 1331 1931 1372 habet
1950 1329 2076 1373 Phor.
2092 1331 2178 1373 325
2206 1336 2250 1374 et
2278 1332 2374 1385 696,
2405 1331 2482 1373 ubi

143 1401 189 1439 in
217 1413 389 1438 nervum
417 1399 480 1437 ire
509 1400 600 1439 sive
631 1413 846 1453 erumpere
874 1401 1048 1453 ponitur
1075 1412 1150 1453 pro
1177 1401 1221 1439 in
1252 1413 1459 1439 carcerem
1490 1399 1564 1438 ire.
1613 1421 1659 1427 —
1707 1398 1848 1437 Dare
1879 1397 2011 1438 Andr.
2042 1399 2143 1439 297:
2186 1398 2295 1439 hanc
2338 1400 2396 1438 mi
2437 1399 2483 1438 in

142 1481 311 1508 manum
341 1464 439 1518 dat,
481 1465 591 1520 quod
621 1467 906 1521 metonymice
934 1466 1288 1522 interpretantur:
1335 1464 1435 1520 „eie
1479 1463 1557 1521 Iegt
1600 1464 1737 1518 uniete
1765 1464 1901 1521 ᾧᾶηδο
1937 1464 1979 1508 in
2015 1465 2239 1510 einanbet.‘¹
2300 1465 2485 1509 Facilior

142 1534 190 1575 fit
218 1535 441 1575 translatio
469 1534 707 1587 intellectu,
737 1546 835 1574 cum
864 1535 1116 1575 conicimus:
1145 1534 1253 1574 hanc
1282 1533 1470 1574 manibus
1498 1535 1598 1574 meis
1627 1535 1848 1574 committit.
1865 1556 1918 1562 —-—
1936 1534 2071 1587 Saepe
2100 1536 2339 1588 reperimus
2353 1535 2485 1575 verba

144 1601 488 1652 eoecruciandi,
519 1600 827 1653 macerandi,
859 1600 1096 1642 enicandi
1122 1601 1326 1643 translata
1344 1603 1569 1655 omniaque
1587 1601 1842 1656 hyperboles
1861 1602 1903 1641 vi
1921 1601 2071 1642 induta
2088 1602 2209 1644 velut
2226 1601 2358 1644 Andr.
2379 1600 2480 1644 685:

142 1669 231 1710 noli
257 1676 294 1709 te
323 1683 491 1710 macco
500 1683 598 1709 are.
647 1691 692 1697 —
740 1669 872 1710 Andr.
903 1668 1003 1710 886:
1052 1683 1156 1723 quor
1183 1682 1245 1708 me
1276 1682 1399 1708 eoecr
1409 1669 1530 1719 acio,
1562 1682 1665 1722 quor
1693 1683 1755 1708 me
1785 1667 2012 1708 macero?
2057 1691 2094 1696 m
2133 1668 2242 1710 Eun.
2276 1668 2374 1709 187:
2419 1681 2483 1708 me

142 1736 415 1787 macerabo.
457 1759 515 1765 —
557 1735 665 1776 Eun.
696 1736 796 1776 554:
846 1736 933 1789 qui
944 1750 1005 1775 me
1034 1735 1256 1789 roqitando
1288 1736 1460 1775 enicet.
1490 1759 1543 1764 —
1573 1736 1653 1776 Ad.
1684 1735 1785 1776 369:
1831 1735 2129 1788 disrumpor.
2164 1759 2208 1764 —
2242 1735 2350 1777 Eun.
2379 1735 2482 1777 432:

142 1803 230 1844 risu
259 1819 397 1844 omnes
426 1802 640 1843 emoriri.
685 1826 732 1833 -
781 1799 932 1854 Neque
961 1802 1012 1843 ab
1047 1802 1125 1843 hoc
1166 1802 1259 1843 loco
1295 1801 1498 1843 absonum
1534 1802 1821 1855 proverbium,
1867 1801 1992 1860 quod
2008 1801 2168 1855 legitur
2196 1801 2319 1844 Phor.
2354 1802 2481 1845 1015:

152 1868 287 1912 Verba
307 1869 421 1924 fiunt
450 1875 635 1911 mortuo
666 1870 693 1911 i.
724 1881 759 1912 e.
790 1868 960 1911 frustra.
1019 1866 1137 1910 Idem
1178 1867 1261 1910 alia
1290 1868 1597 1923 significatione
1626 1867 1730 1910 Hec.
1761 1867 1861 1910 852:
1907 1867 1960 1910 ab
2004 1884 2099 1910 orco
2140 1875 2379 1910 mortuom
2420 1883 2483 1910 me

142 1936 334 1978 reducem
376 1937 421 1977 in
466 1936 597 1977 lucem
629 1936 808 1992 feceris.
866 1935 950 1976 Hic
991 1935 1070 1976 hoc
1108 1935 1313 1976 vocabulo
1355 1936 1478 1976 homo
1514 1935 1833 1976 infelicissimus
1868 1936 2136 1990 intellegitur
2165 1937 2258 1977 81110
2288 1936 2376 1978 ulla
2405 1948 2482 1992 spe

143 2010 343 2058 eventus,
391 2017 518 2058 quam
560 2007 792 2046 sententim
834 2004 917 2044 alio
952 2004 1046 2044 loco
1080 2003 1303 2056 sepultus
1331 2004 1536 2045 vocabulo
1565 2008 1686 2056 poeta
1718 2005 1931 2057 expressit
1959 2004 2083 2046 Phor.
2111 2005 2212 2046 943:
2257 2005 2484 2058 sepultus

142 2089 243 2116 sum.
288 2097 342 2104 —
386 2071 582 2127 Denique
626 2073 908 2114 audacissima
942 2072 1069 2113 huius
1101 2072 1270 2125 generis
1301 2071 1544 2125 metaphora
1574 2069 1696 2112 Phor.
1731 2070 1855 2112 1026:
1902 2071 1945 2111 E
1952 2072 2103 2126 ‚requi
2111 2087 2164 2113 aa
2195 2070 2419 2114 Chremetis
2446 2073 2486 2113 si

145 2139 288 2198 quibus
318 2147 376 2182 est
402 2139 656 2182 commodum
684 2139 770 2193 ire,
802 2154 853 2180 en
879 2145 1036 2194 tempas
1064 2144 1134 2180 est.

345 2209 529 2263 Insuper
558 2209 706 2262 paucis
735 2207 989 2261 quibusdam
1020 2207 1229 2260 exemplis
1260 2206 1475 2260 praeclara
1503 2208 1661 2262 eminet
1690 2207 1911 2247 translatio
1940 2207 2187 2261 verborum,
2231 2220 2341 2260 quae
2385 2220 2484 2248 cum

149 2277 340 2330 corporis
383 2277 595 2318 actionem
640 2273 901 2329 significant,
946 2273 1073 2316 simul
1113 2274 1244 2315 animi
1280 2287 1373 2315 eam
1401 2273 1601 2315 adnotant
1630 2275 1708 2327 ita,
1751 2279 1799 2316 ut
1828 2274 1900 2315 illa
1931 2276 2243 2327 assumptivum
2271 2275 2399 2317 huius
2429 2276 2488 2317 sit

146 2344 328 2398 signum.
388 2342 531 2385 Huius
559 2354 665 2384 usus
694 2342 799 2384 haec
818 2345 989 2383 exstant
1007 2341 1205 2395 exempla
1221 2340 1351 2383 Haut.
1373 2340 1472 2383 762:
1501 2355 1583 2382 non
1605 2356 1775 2394 possum
1796 2342 1896 2395 pati
1920 2342 2019 2396 quin
2049 2349 2176 2396 caput
2204 2340 2279 2383 tibi
2307 2341 2489 2385 demul-

146 2399 351 2452 ceam-et
364 2410 473 2453 Eun.
497 2409 598 2451 482:
628 2409 776 2464 Neque
806 2409 1018 2448 cicatrices
1046 2423 1146 2448 suas
1176 2416 1406 2451 ostentat.
1463 2408 1557 2449 Hoc
1585 2408 1638 2449 de
1666 2408 1858 2450 modesto
1889 2414 1933 2450 et
1950 2410 2117 2451 liberali
2134 2411 2291 2452 iuvene
2309 2411 2487 2466 dictum,

145 2477 254 2518 illud
283 2478 474 2519 caritatis
504 2490 645 2518 causa.
661 2501 716 2506 —
731 2468 812 2516 Ad.
845 2474 943 2517 839:
990 2489 1209 2531 exporqe
1228 2475 1438 2531 frontem,
1468 2475 1581 2529 quod
1608 2476 1713 2516 item
1742 2477 2024 2518 notissimum.
2084 2476 2184 2518 Huc
2213 2478 2489 2520 referendum

145 2546 339 2599 videtur,
382 2557 637 2598 quamquam
680 2557 750 2597 res
786 2548 851 2585 est
889 2545 1015 2597 paulo
1045 2545 1129 2584 alia
1156 2543 1264 2584 Eun.
1294 2545 1399 2585 401:
1443 2557 1521 2583 reoe
1551 2550 1587 2583 te
1618 2557 1714 2597 erqo
1746 2545 1789 2584 in
1818 2545 1947 2585 oculis
1975 2545 2201 2599 qestare?
2256 2546 2491 2588 Notissima

145 2613 424 2658 translatione
453 2614 533 2655 hoc
562 2613 719 2654 dicitur
746 2624 821 2665 pro
851 2610 1031 2665 aliquem
1060 2611 1314 2651 carissimwn
1344 2610 1508 2651 habere.
1568 2610 1734 2652 Confer.
1766 2612 1846 2653 Ad.
1876 2613 1977 2654 903:
2026 2620 2064 2652 te
2094 2619 2211 2653 amat
2232 2613 2335 2666 plus
2365 2628 2491 2668 quam

145 2677 263 2720 hosce
293 2677 430 2721 oculos
459 2682 503 2722 et
531 2678 612 2721 Ad.
644 2678 743 2721 701:
787 2677 921 2734 mayis
949 2683 987 2719 te
1018 2693 1142 2734 quam
1171 2675 1308 2719 oculos
1337 2692 1409 2733 eqo
1441 2692 1531 2718 amo
1562 2691 1683 2718 meos.
1727 2701 1784 2708 —
1831 2677 1948 2720 Idem
1980 2678 2247 2735 significatur
2275 2680 2356 2723 Ad.
2387 2680 2487 2724 709:

145 2747 427 2802 qestandus
461 2749 505 2788 in
534 2749 677 2788 sinust.
734 2747 899 2788 Deinde
927 2746 1058 2787 Andr.
1089 2746 1191 2787 328:
1235 2746 1408 2800 nuptiae
1450 2753 1561 2785 sunt
1597 2745 1671 2785 tibi
1705 2746 1857 2786 cordi.
1899 2772 1952 2777 —
1996 2746 2060 2788 De
2107 2748 2276 2802 loquaci
2318 2750 2488 2790 homine

146 2814 303 2858 dieitur
328 2815 458 2859 Haut.
489 2816 589 2859 330:
637 2814 799 2857 orando
829 2813 980 2856 surdas
1009 2814 1093 2855 iam
1126 2813 1241 2855 auris
1275 2812 1583 2861 reddideras
1611 2814 1722 2855 mihi.
1782 2815 1893 2857 Vide
1921 2814 2051 2857 Haut.
2083 2815 2178 2859 222.
2209 2841 2264 2847 —
2295 2815 2488 2870 Denique

145 2882 226 2926 Ad.
257 2881 357 2926 864:
401 2882 510 2925 nulli
540 2882 746 2925 laedere
777 2897 839 2925 οε.
868 2905 922 2913 --
953 2881 1033 2925 Ad.
1060 2881 1161 2924 269:
1199 2881 1243 2923 in
1273 2895 1317 2922 os
1347 2887 1384 2922 te
1415 2880 1644 2923 laudare.
1676 2905 1730 2913 -—
1760 2881 1866 2924 Hec.
1900 2882 1998 2925 765:
2030 2897 2092 2924 me
2121 2884 2403 2939 reprimam.
2435 2907 2489 2915 -

146 2950 226 2991 Ad.
257 2951 358 2993 623:
400 2951 647 3005 reprendi
673 2966 751 2992 me.
795 2974 844 2982 -
888 2951 968 2992 Ad.
1000 2950 1100 2991 794:
1148 2949 1207 2989 ad
1235 2957 1272 2988 te
1302 2948 1428 2988 redi.
1472 2971 1528 2978 —
1570 2950 1705 2992 Andr.
1737 2950 1841 2991 632:
1893 2950 1992 2989 Tum
2024 2953 2156 2991 coacti
2183 2953 2415 2993 necessa-rio
2445 2967 2489 2993 se

149 3019 394 3071 aperiunt.
451 3018 748 3061 Pulcherrima
787 3022 1007 3074 praeterea
1048 3017 1269 3059 translatio
1303 3019 1463 3072 legitur
1490 3017 1622 3060 Haut.
1653 3017 1754 3060 673:
1801 3016 1973 3059 Crucior
2013 3017 2145 3058 bolam
2190 3019 2290 3060 mihi
2331 3027 2491 3060 tantum

148 3092 366 3139 ereptum
394 3093 479 3127 tam
509 3085 694 3127 desubito
726 3101 746 3127 e
765 3084 982 3140 faucibus.
1039 3083 1090 3125 In
1119 3084 1273 3138 quibus
1303 3097 1428 3127 1101110
1458 3085 1541 3126 erit
1569 3086 1645 3139 qui
1672 3085 1858 3127 haereat.

347 3152 407 3195 Ut
436 3154 607 3195 nomina
636 3153 848 3196 adiectiva
877 3159 1122 3209 aeqrotue,
1151 3167 1312 3207 sanus,
1342 3153 1565 3205 insanus,
1593 3153 1655 3194 ita
1683 3152 1862 3194 verbum
1881 3152 2051 3194 valere
2081 3155 2124 3195 in
2143 3155 2331 3196 animum
2350 3158 2491 3196 trans-

147 3218 285 3260 fertur
311 3219 444 3262 Andr.
474 3220 575 3264 309:
606 3220 751 3262 Facile
780 3233 917 3262 omnes
945 3234 1063 3276 quom
1092 3218 1323 3272 valemus,
1352 3226 1468 3261 recta
1498 3219 1674 3261 consilia
1704 3221 1924 3276 acyrotis
1953 3220 2114 3262 damus.
2143 3245 2200 3252 —
2228 3219 2319 3262 Neo
2347 3221 2492 3263 minus

150 3291 347 3339 apertum
376 3294 442 3330 est
472 3293 515 3330 et
544 3289 740 3342 inlustre,
784 3300 881 3329 cum
911 3289 1052 3329 verbis
1083 3288 1374 3340 dormiendi,
1418 3288 1706 3329 somniandi
1735 3295 1806 3327 aut
1834 3289 1882 3328 υἱ
1888 3289 2090 3343 yilandi
2117 3290 2247 3330 animi
2276 3293 2350 3329 aut
2378 3291 2494 3330 actio
