2635 3544
1203 239 1237 246 a
1273 181 1324 244 ,15

1283 237 1425 247 ννυ·ψω»»ν

122 326 401 370 puerorum
429 314 758 356 transferuntur.
817 314 951 357 Velut
986 313 1161 356 ludere
1180 314 1312 357 Andr.
1331 314 1430 356 787:
1459 329 1543 356 non
1567 314 1717 356 credas
1734 315 1904 356 Davom
1933 312 2106 355 ludere
2136 336 2190 343 —
2220 312 2463 355 deludere

52 428 55 431 ‚
128 381 263 422 Andr.
282 381 364 423 203
396 402 442 409 —
475 379 708 420 inludere
725 379 860 421 Andr.
876 380 975 421 758:
1004 381 1051 420 in
1081 379 1230 436 quibus
1259 381 1525 422 inludatis.
1546 403 1594 410 —-
1617 381 1843 422 Pulchrior
1859 381 1992 422 Andr.
2009 381 2110 421 822:
2134 394 2276 434 paene
2303 380 2467 421 inlusi

125 448 257 489 vitam
281 446 419 500 filiae.
456 470 500 476 —
533 445 834 498 Ludificari
873 447 918 487 in
960 447 1211 488 obscoenam
1253 452 1417 500 partem
1451 447 1557 490 Eun.
1588 447 1691 489 645:
1730 455 1957 503 postquam
2001 447 2340 502 ludificatust
2382 448 2465 487 vir·

120 515 278 571 qinein.
308 536 364 544 —
399 512 573 554 Ludus
601 512 733 555 Andr.
761 511 863 554 479:
909 528 1018 568 quos·
1038 512 1140 554 mihi
1168 512 1310 555 ludos
1338 513 1547 556 redderet.
1581 540 1632 545 —
1662 514 1805 557 Huius
1846 528 1951 557 usus
1981 515 2194 557 notissimi
2229 518 2296 556 sat
2330 514 2466 556 multa

124 581 328 635 exempla
369 581 653 633 reperiuntur.
684 600 740 610 -
774 578 927 620 Totum
973 580 1052 621 hoc
1095 593 1247 634 agmen
1277 586 1453 635 cogatur
1494 583 1750 635 metaphora,
1793 584 1864 623 cui
1894 583 2090 634 inmixta,
2134 585 2184 622 ut
2223 582 2284 622 ita
2312 581 2464 634 dicam,

123 648 387 700 comparatio
416 650 495 699 est,
526 659 634 699 quae
662 647 822 699 legitur
849 644 930 687 Ad.
963 646 1175 688 739-41:

662 746 734 786 Ita
761 746 928 786 vitast
956 746 1175 801 hominum,
1205 749 1328 803 quasi
1357 764 1478 804 quom
1508 748 1657 789 ludas
1687 750 1907 801 tesseris,

663 813 716 856 Si
742 814 856 856 illud
884 814 995 870 quod
1023 829 1218 855 maxume
1248 830 1352 869 opus
1381 822 1438 856 est
1467 816 1605 855 iactu
1634 830 1727 856 non
1758 815 1911 867 cadit,

664 882 785 923 Illud
815 882 926 937 quod
956 882 1140 922 cecidit
1156 882 1325 936 forte,
1357 883 1404 923 id
1434 890 1541 924 arte
1574 889 1615 922 ut
1645 883 1887 936 cort-issae.

330 1184 565 1227 Alterum
585 1198 720 1240 genus
739 1185 1079 1239 metaphorarum
1097 1190 1174 1239 est,
1204 1186 1277 1227 ubi
1293 1186 1508 1239 vocabula,
1538 1186 1820 1226 bestiarum
1839 1183 2057 1237 propria,
2087 1182 2141 1223 de
2169 1181 2464 1223 hominibus

127 1256 405 1305 usurpantur.
464 1252 576 1294 Satis
616 1265 711 1294 rara
752 1256 852 1294 sunt
892 1253 1019 1294 huius
1059 1265 1164 1294 usus
1207 1254 1413 1306 exempla,
1460 1264 1568 1305 quae
1616 1264 1671 1293 ex
1714 1252 1915 1303 anonymi
1948 1250 2216 1303 grammatici
2249 1250 2464 1290 sententia

125 1331 259 1372 quam
301 1333 430 1373 supra
466 1319 751 1373 laudavimus,
793 1320 992 1373 bipartito
1033 1320 1395 1374 investigabimus.
1461 1319 1518 1361 Ut
1560 1320 1606 1360 in
1636 1319 1851 1360 communi
1894 1329 2089 1359 sermone
2129 1329 2332 1370 persaepe
2376 1316 2462 1357 be-

131 1387 352 1429 stiarum
381 1389 587 1430 nomina
615 1381 691 1441 pro
721 1387 925 1429 conviciis
950 1391 1051 1429 sunt
1075 1387 1260 1429 adhibita
1277 1387 1395 1429 velut
1422 1393 1691 1428 monstrum
1722 1385 1831 1427 Eun.
1852 1385 1952 1427 696:
1982 1391 2246 1426 monstrum
2274 1382 2461 1426 hominis.

128 1451 240 1494 Eun.
271 1453 374 1496 656:
423 1453 540 1503 Quid
579 1455 682 1495 istuc
726 1469 824 1495 nam
865 1460 1132 1495 monstrum
1174 1453 1289 1509 fuit?
1316 1477 1372 1484 —
1399 1453 1508 1496 Eun.
1538 1454 1639 1495 334:
1686 1453 1794 1507 Eho,
1830 1466 1966 1494 nonne
1994 1452 2068 1493 hoc
2096 1451 2304 1494 monstri
2330 1449 2463 1491 simile

130 1520 217 1560 est?
273 1522 384 1563 Alia.
415 1545 469 1552 —-
499 1522 607 1563 Tum
633 1522 796 1562 Belua
824 1521 933 1562 Eun.
963 1522 1063 1564 704:
1094 1536 1172 1576 aye
1201 1536 1311 1562 nunc
1340 1522 1500 1563 belua.
1531 1545 1584 1551 —
1618 1520 1767 1562 Canis
1795 1521 1904 1562 Eun.
1937 1520 2035 1562 803:
2068 1521 2140 1561 ain
2169 1533 2266 1561 vero
2296 1517 2464 1559 canis?

131 1587 268 1630 Paulo
308 1589 433 1632 aliter
476 1603 521 1632 se
563 1591 690 1632 habet
733 1589 1116 1632 celebratissimum
1158 1590 1266 1631 illud
1299 1589 1412 1643 quod
1453 1590 1636 1643 legimus
1665 1588 1746 1630 Ad.
1776 1588 1877 1631 537:
1920 1587 2079 1643 lupus
2123 1589 2167 1630 in
2201 1586 2378 1643 fabula.
2408 1608 2465 1618 —

131 1654 323 1698 Nomen
341 1657 657 1699 abstractum
675 1658 720 1698 in
738 1657 924 1700 bestiis
937 1658 1156 1711 proprium
1172 1658 1407 1712 reperimus
1423 1657 1676 1698 translatum
1693 1655 1863 1697 rabies
1881 1655 1989 1698 Eun.
2005 1657 2107 1699 301:
2127 1656 2297 1697 Ludum
2314 1656 2467 1696 iocum·

128 1738 211 1778 que
241 1723 352 1763 dicet
368 1723 515 1778 fuisse
545 1714 663 1764 illum
692 1724 870 1765 alterum
894 1730 1051 1779 praeut
1077 1724 1201 1764 huius
1231 1723 1399 1765 rabies
1429 1739 1534 1779 quae
1565 1723 1695 1764 dabit.
1728 1747 1777 1753 —
1809 1724 2008 1764 Fortasse
2033 1725 2279 1778 metaphora
2296 1736 2466 1777 quoque

129 1789 262 1832 Haut.
293 1790 393 1832 521:
424 1790 650 1847 Aquilae
679 1798 915 1849 senectus.
935 1815 988 1822 -—
1007 1790 1404 1833 Adiectivorum
1432 1792 1689 1833 nominum
1720 1791 1904 1844 denique
1934 1791 2038 1832 haec
2069 1791 2266 1844 exempla
2294 1794 2467 1832 exstant

127 1873 313 1899 saevus
341 1857 466 1901 Phor.
498 1860 602 1901 744:
648 1860 884 1901 conclusam
925 1859 991 1899 hic
1019 1858 1148 1899 habeo
1184 1873 1357 1899 umorem
1393 1874 1602 1900 saevam.
1633 1882 1688 1888 -
1717 1858 2020 1899 Mustelz'nus
2045 1858 2154 1900 Eun.
2186 1858 2285 1900 689:
2328 1857 2467 1900 colore

130 1925 419 1967 mustelino.
452 1949 500 1955 -
540 1925 691 1980 Neque
736 1940 822 1969 non
863 1927 1058 1967 caesius
1101 1926 1214 1979 quod
1253 1939 1408 1967 nomen
1450 1927 1496 1967 in
1537 1926 1686 1967 felium
1728 1926 1863 1967 oculis
1904 1927 2120 1980 proprium
2161 1925 2291 1967 Haut.
2337 1924 2466 1967 1062:

131 1986 339 2047 virginem
367 1993 506 2033 caesi
513 2008 597 2035 am.
621 2017 670 2022 —
694 1993 942 2046 Sequuntur
970 1993 1225 2033 actionum
1254 1994 1299 2033 in
1321 1993 1466 2034 bestiis
1484 1994 1798 2046 propriarum
1817 1992 2181 2033 denominationes
2199 2004 2310 2044 quae
2327 1996 2468 2033 trans-

130 2059 345 2101 feruntur.
406 2059 539 2100 Cuius
582 2074 687 2101 usus
730 2065 795 2101 sat
835 2060 1083 2101 habebimus
1120 2060 1224 2100 haec
1264 2059 1460 2113 exempla
1494 2059 1672 2100 adferre.
1731 2058 1971 2113 Arriqere
2010 2073 2159 2099 aures
2200 2058 2332 2100 Andr.
2362 2059 2465 2100 933:

135 2126 309 2181 arriye
352 2127 511 2180 auris,
555 2126 788 2182 Pamphile.
832 2150 886 2156 —
930 2125 1166 2167 Gannire
1196 2125 1248 2167 de
1289 2126 1457 2179 loquaci
1488 2125 1657 2167 homine
1687 2124 1766 2167 Ad.
1797 2125 1898 2167 556:
1945 2125 2047 2181 quid
2074 2125 2149 2167 ille
2177 2124 2384 2180 yannit?
2414 2149 2466 2157 -

128 2194 420 2247 compositum
449 2194 732 2250 oqqannire
762 2193 887 2235 Phor.
922 2194 1048 2235 1030:
1090 2193 1208 2233 Dum
1235 2193 1364 2247 vivat,
1400 2206 1531 2248 usque
1560 2192 1619 2232 acl
1649 2206 1792 2232 aurem
1822 2193 2112 2248 quanniat.
2144 2216 2199 2222 —
2228 2192 2469 2232 Mordere

132 2261 243 2303 Eun.
269 2261 375 2303 445:
408 2262 520 2317 quod
549 2276 641 2302 eam
669 2261 921 2301 mordeat?
951 2286 1005 2291 —
1033 2261 1347 2315 Perreptare
1376 2260 1455 2302 Ad.
1488 2261 1585 2301 715:
1614 2262 1915 2315 Perreptavi
1941 2276 2072 2316 usque
2102 2277 2219 2302 omne
2250 2260 2469 2315 oppidum.

135 2352 191 2358 —
229 2327 410 2371 Volare
454 2342 553 2372 cum
588 2328 833 2384 compositis
869 2327 974 2371 Hec.
1010 2328 1112 2371 438:
1156 2327 1284 2371 vola.
1318 2352 1369 2358 —
1396 2326 1502 2370 Hec.
1532 2327 1606 2371 40:
1644 2327 1829 2383 populus
1864 2328 2112 2373 convolat.
2143 2353 2197 2360 —
2227 2328 2335 2372 Eun.
2368 2327 2469 2372 648:

133 2402 182 2436 ut
211 2411 284 2453 eqo
314 2396 524 2454 unquibus
551 2396 685 2451 facile
730 2396 799 2438 illi
827 2397 871 2436 in
902 2395 1042 2437 oculos
1076 2396 1291 2437 involem
1327 2395 1518 2441 venefico.
1550 2419 1604 2424 -
1632 2394 1740 2437 Ε1111.
1771 2396 1871 2439 859:
1916 2398 1986 2438 vise
2027 2412 2092 2438 me
2136 2398 2323 2439 contineo
2369 2397 2474 2454 quin

133 2465 347 2506 involem
373 2473 552 2507 monstro
582 2466 628 2506 in
647 2465 862 2519 capillum.
881 2488 936 2494 —
953 2462 1060 2504 Tum
1078 2464 1259 2505 duorum
1281 2465 1507 2505 verborum
1526 2463 1840 2518 translationes,
1869 2478 1978 2518 quae
2007 2467 2227 2519 proprium
2254 2466 2398 2507 locum
2427 2467 2474 2506 in

133 2534 411 2575 venatione
441 2534 610 2584 habent,
641 2533 734 2574 dico
753 2534 799 2574 in
816 2532 1000 2574 bestiis
1023 2534 1066 2572 et
1083 2543 1193 2583 quae
1212 2544 1258 2573 se
1276 2534 1526 2573 venatorum
1542 2530 1707 2572 retibus
1725 2531 1906 2573 liberant
1933 2536 1978 2574 et
1995 2545 2105 2585 quae
2135 2534 2202 2575 his
2230 2534 2472 2586 capiuntur.

133 2599 278 2642 Verba
308 2604 407 2643 sunt
432 2593 497 2642 'ew
501 2599 707 2655 pedire,
736 2598 1002 2654 impedire,
1040 2598 1165 2639 cuius
1193 2597 1466 2652 metaphorae
1496 2597 1599 2638 haec
1630 2598 1827 2652 exempla
1855 2598 2087 2642 sufficient.
2120 2623 2172 2630 —-
2203 2600 2337 2642 Andr.
2369 2599 2470 2642 617:

133 2666 333 2707 miserum
360 2667 647 2722 impeditum
678 2673 723 2707 at
749 2667 837 2707 iam
867 2663 1157 2719 eoepediam5
1200 2668 1243 2705 et
1272 2677 1370 2704 cum
1399 2664 1599 2704 Ablativo
1630 2666 1813 2705 nominis
1841 2666 1922 2707 Ad.
1953 2666 2059 2707 614:
2105 2682 2169 2707 me
2199 2666 2473 2722 eaepediam-

130 2748 252 2774 cura.
284 2756 338 2763 —
367 2733 529 2775 Eodem
558 2748 699 2787 sensu,
743 2734 872 2775 simili
900 2733 1085 2786 imagine
1115 2731 1340 2772 adhibetur
1374 2731 1552 2772 verbum
1588 2731 1816 2772 evolvere
1846 2731 1955 2774 Eun.
1989 2733 2090 2775 723:
2137 2741 2176 2774 te
2206 2735 2319 2775 omni
2347 2733 2472 2774 turba

132 2800 347 2842 evolves.
378 2824 434 2831 —
461 2801 568 2844 Hec.
601 2801 700 2843 792:
738 2800 839 2842 illas
869 2813 1010 2840 errore
1040 2805 1077 2839 et
1106 2805 1145 2838 te
1173 2797 1300 2839 simul
1327 2798 1557 2851 suspitione
1588 2798 1803 2860 exolves.
1838 2823 1887 2830 —
1916 2799 2054 2843 Paulo
2084 2802 2212 2843 aliter
2240 2815 2286 2844 se
2316 2802 2473 2843 habent

130 2869 419 2923 metaphorae,
450 2882 559 2923 quae
589 2869 793 2924 leguntur
820 2866 944 2910 Phor.
966 2864 1040 2908 78:
1072 2864 1297 2907 advorsum
1326 2864 1579 2907 stimulum
1609 2865 1777 2908 calces
1805 2868 1831 2909 i.
1864 2880 1900 2911 e.
1929 2867 2093 2911 frustra
2122 2869 2308 2911 laborem
2337 2869 2472 2910 susci-

131 2948 254 2990 pere,
312 2949 421 2991 quae
475 2949 558 2978 usu
607 2937 719 2979 trita.
764 2959 820 2966 —
862 2934 970 2980 Eun.
1014 2933 1118 2976 496:
1176 2933 1354 2974 Domini
1394 2934 1585 2975 simiu's
1628 2940 1672 2976 et
1714 2934 1823 2976 Eun.
1868 2934 1970 2977 832:
2031 2950 2161 2976 ovem
2201 2935 2322 2991 lupo
2368 2950 2473 2976 com-

130 3002 260 3043 misti.
291 3027 345 3032 —-
375 3001 482 3045 Tum
512 3002 636 3045 Phor.
667 3002 768 3045 330:
814 3016 898 3043 non
936 3007 1024 3042 rete
1054 3000 1299 3056 accipitri
1333 3001 1518 3041 tennitur
1551 3016 1685 3058 neque
1714 3002 1865 3044 miluo
1896 3027 1946 3033 -
1979 3002 2069 3044 illis
2099 3004 2173 3059 qui
2200 3003 2264 3043 nil
2288 3002 2472 3057 j'aciunt,

128 3071 323 3111 tenuitur
364 3073 410 3112 in
454 3072 609 3124 quibus
651 3084 775 3112 nemo
818 3070 1021 3112 haerebit.
1064 3092 1122 3100 —
1164 3068 1353 3123 Longius
1387 3069 1558 3111 videtur
1592 3083 1733 3124 neque
1763 3072 1970 3113 absonum
2000 3070 2123 3112 Phor.
2155 3071 2254 3113 506:
2301 3069 2474 3111 auribus

129 3144 251 3179 teneo
281 3137 454 3193 lupum
482 3140 509 3182 i.
541 3152 578 3181 e.
609 3139 788 3180 summis
816 3139 862 3179 in
890 3137 1100 3192 angustiis
1129 3149 1288 3180 versor.
1317 3160 1373 3166 —
1403 3136 1729 3192 Comparatio
1761 3144 1827 3181 est
1863 3152 1960 3181 cum
1995 3139 2178 3193 legimus
2206 3138 2313 3180 Eun.
2349 3138 2472 3181 1024:

131 3206 311 3261 qumet
339 3220 427 3248 meo
463 3206 625 3248 iudicio
669 3207 796 3247 miser
833 3205 983 3261 quasi
1015 3218 1165 3245 soreae
1200 3204 1322 3246 hodie
1350 3205 1481 3260 perii.
1515 3228 1562 3235 -—
1596 3205 1794 3259 Denique
1822 3206 1931 3248 Eun.
1960 3206 2064 3248 426:
2113 3206 2273 3261 Lepus
2302 3212 2387 3246 tute
2418 3220 2474 3258 es,

123 3272 518 3327 pulpamentum
546 3271 746 3329 quaeris?
801 3271 975 3314 Dictum
991 3269 1106 3312 Livii
1123 3271 1359 3313 Andronici
1388 3272 1492 3325 quid
1519 3286 1701 3315 acumen
1730 3275 1810 3316 hoc
1839 3279 1984 3315 nostro
2013 3274 2106 3316 loco
2127 3274 2291 3326 habeat,
2320 3274 2477 3315 misere
