2635 3544
1282 233 1332 273 11

137 366 273 418 igitur
300 378 351 405 ea
379 365 447 405 hic
476 364 781 406 adscribantur.
841 364 950 406 Sunt
978 368 1123 406 autem
1149 365 1272 406 haec:
1316 365 1563 420 Maqister
1591 364 1723 407 Andr.
1757 364 1855 405 1923
1886 362 1939 404 Si
1968 363 2063 418 quis
2090 362 2337 417 magistrum
2365 362 2476 417 cepit

138 430 387 486 improbum.
406 454 459 462 —
489 430 596 472 Hec.
626 430 725 472 204:
755 431 962 485 mayistra
992 430 1098 471 ludi.
1130 455 1179 461 —-
1209 431 1367 473 Eadem
1395 433 1439 473 vi
1464 432 1719 474 vocabulum
1749 437 2005 471 corrector
2034 428 2114 470 Ad.
2147 428 2247 469 7423
2285 428 2477 484 paeda-

137 511 294 554 909us
322 496 447 539 Phor.
481 496 577 539 144:
608 495 713 553 quid
733 496 1015 552 paedaqoyus
1042 495 1143 538 ille?
1170 522 1212 527 -
1252 497 1383 541 Haut.
1413 498 1513 541 875:
1535 503 1990 554 praemonstrator.
2024 520 2074 527 -
2105 494 2187 537 His
2216 496 2477 537 contrarium

140 563 419 620 discipulus
446 563 578 604 Andr.
608 563 710 604 477:
756 563 869 604 Num
910 565 1163 605 immemores
1206 564 1429 621 discipuli?
1472 591 1524 596 —
1569 565 1732 607 Stilus
1761 566 1892 607 Andr.
1927 565 1996 607 123
2041 562 2240 604 dissimili
2272 562 2378 605 stilo.
2422 585 2478 593 —

139 631 249 673 Eun.
283 631 409 673 1093:
452 629 620 671 Attica
651 630 920 685 elegantia.
965 655 1009 661 —
1054 631 1161 674 Eun.
1192 633 1287 687 263,
1316 634 1345 674 4
1372 635 1486 675 risus
1516 647 1643 675 causa
1673 634 1838 675 Gnatho
1870 645 2020 674 servus
2048 632 2241 685 loquitur
2270 630 2323 673 de
2353 629 2477 671 disci-

136 698 272 755 pulis,
305 698 471 752 qui-bus
511 697 858 751 philosophorum
899 712 1060 741 morem
1104 705 1276 742 secutus
1320 715 1472 743 nomen
1517 703 1707 755 apponit:
1754 700 2058 755 yrzatlzonz‘cz'.
2116 699 2180 741 Ea
2222 699 2359 740 forma
2402 711 2477 752 pro

140 766 494 809 antonomasia
536 764 708 807 videtur
749 765 941 808 habenda
983 779 1090 810 esse.
1150 767 1211 810 Cf.
1256 768 1360 811 Inst.
1406 767 1565 811 Orator.
1612 767 1738 822 VIII,
1785 768 1822 810 6.
1859 767 1932 810 29:
1978 780 2105 820 quae
2148 765 2346 819 aliquid
2389 779 2477 819 pro

142 835 343 875 nomine
368 833 511 886 ponit
540 836 589 873 et
612 844 700 885 per
724 833 1002 886 epitheton,
1033 835 1161 886 quod
1191 835 1417 876 detracto
1449 848 1516 887 eo,
1547 836 1628 876 cui
1658 835 1941 888 apponitur,
1971 834 2110 875 valet
2138 846 2233 886 pro
2263 833 2477 885 nomine,

147 899 387 956 Tydides,
431 897 652 942 Pelides.
698 923 751 930 —
793 898 1015 942 Fabulae
1057 902 1261 943 vocabulo
1304 903 1561 955 exprimitur
1597 915 1682 950 res.
1728 914 1836 953 quae
1873 902 2044 942 omnino
2084 900 2179 941 fieri
2214 913 2299 941 non
2335 902 2479 953 potest

140 967 274 1009 Andr.
304 967 405 1020 224,
435 967 536 1020 553,
567 965 692 1007 Phor.
721 965 824 1019 492,
861 966 992 1009 Andr.
1023 967 1116 1010 929.
1173 968 1225 1010 In
1254 969 1450 1020 sequenti
1478 981 1607 1009 versu
1636 968 1748 1008 hunc
1778 967 1919 1008 locum
1947 970 2067 1008 tenet
2096 965 2213 1008 aliud
2243 979 2300 1007 ex
2329 965 2478 1018 lingua

141 1038 295 1088 graeca
323 1033 577 1075 vocabulum
606 1032 797 1073 delatum
826 1031 937 1088 loqi.
986 1056 1035 1063 —
1076 1033 1210 1077 Paulo
1238 1036 1322 1077 alia
1351 1048 1420 1077 res
1449 1042 1516 1077 est
1543 1034 1649 1076 Hec.
1681 1034 1782 1076 620:
1820 1040 2032 1088 postremo
2075 1047 2150 1074 nos
2193 1033 2281 1073 iam
2308 1032 2477 1088 fabula

141 1116 292 1143 sumus.
324 1126 375 1131 ——
406 1100 566 1142 Eadem
599 1100 710 1141 actio
738 1101 859 1141 irrita
888 1101 1088 1154 loquendi
1116 1102 1380 1156 significatur
1407 1102 1685 1143 translatione
1715 1101 1839 1142 Phor.
1869 1100 1975 1142 495:
2007 1100 2270 1142 Cantilenam
2301 1100 2480 1141 eandem

141 1168 272 1209 canis.
323 1192 372 1197 —
421 1167 513 1209 Uno
550 1167 642 1208 loco
679 1172 889 1207 cantare
917 1169 1091 1221 ponitur
1118 1181 1193 1222 pro
1223 1168 1469 1210 describere.
1528 1167 1658 1209 Haut.
1689 1168 1790 1210 260:
1837 1168 1910 1222 qui
1937 1167 2085 1207 harum
2114 1182 2248 1208 mores
2277 1166 2478 1208 cantabat

141 1235 254 1276 mihi.
286 1259 338 1264 —
370 1233 610 1275 Scribere
639 1232 770 1275 Andr.
800 1233 902 1275 283:
946 1235 1101 1289 scripta
1142 1234 1220 1276 illa
1251 1235 1365 1277 dicta
1393 1242 1485 1277 sunt
1514 1235 1558 1276 in
1589 1235 1740 1275 animo.
1772 1257 1823 1264 —
1854 1234 2123 1277 Contrarium
2159 1234 2338 1276 delere
2367 1234 2476 1277 Eun.

143 1302 245 1344 269:
293 1301 410 1343 deleo
441 1301 573 1342 omnis
603 1300 751 1341 dehinc
781 1315 833 1341 ew
864 1303 1000 1342 animo
1029 1302 1231 1342 mulieres.
1290 1302 1467 1357 Propria
1504 1304 1632 1344 huius
1661 1303 1781 1343 verbi
1810 1296 2022 1343 sententia
2049 1303 2203 1343 attinet
2231 1302 2285 1342 ad
2313 1302 2480 1343 litteras

142 1369 277 1423 digito
306 1373 381 1411 aut
410 1368 508 1410 stilo
538 1367 797 1410 delinendas.
825 1392 879 1398 -—
909 1369 1002 1412 Uno
1030 1369 1124 1412 loco
1148 1370 1339 1425 patrium
1366 1377 1717 1411 monumentum
1748 1370 1774 1411 i.
1807 1382 1842 1410 e.
1873 1370 2038 1422 patrius
2067 1382 2206 1410 sermo
2277 1367 2386 1411 Eun.
2409 1369 2478 1410 13:

144 1435 254 1476 unde
271 1436 316 1476 in
331 1436 520 1491 patrium.
537 1440 842 1476 monumentum
862 1436 1117 1490 pervenerit.
1136 1460 1189 1465 -
1208 1436 1276 1477 Ad
1293 1436 1638 1491 philosophorum
1656 1448 1796 1477 mores
1826 1435 1980 1478 deinde
2008 1436 2226 1490 pertinent
2253 1435 2480 1477 invenire

143 1503 251 1544 Eun.
283 1503 384 1543 2473
431 1517 502 1557 eqo
547 1502 653 1542 adeo
696 1503 804 1543 lianc
842 1504 1008 1557 primus
1036 1504 1178 1543 inveni
1210 1504 1322 1543 viam
1355 1504 1568 1557 (docendi)
1604 1508 1646 1544 et
1675 1503 1865 1543 sectari
1892 1494 2000 1543 Eun.
2031 1502 2136 1543 2623
2181 1504 2336 1542 sectari
2376 1503 2482 1543 iussi

145 1570 188 1623 (i.
233 1582 269 1612 e.
308 1567 570 1625 discipulos).
620 1594 672 1599 —
718 1568 979 1625 Corriqere
1023 1583 1150 1625 saepe
1193 1575 1241 1613 ut
1282 1570 1388 1612 Eun.
1437 1570 1536 1623 737,
1592 1570 1724 1612 Andr.
1767 1570 1862 1612 596.
1910 1594 1963 1599 —-
2005 1569 2086 1611 His
2130 1570 2480 1612 translationibus

144 1636 411 1677 ascribantur
452 1648 689 1689 perpaucae
732 1636 858 1690 aliae,
904 1649 1008 1689 quas
1037 1636 1260 1678 Terentius
1304 1650 1360 1678 ex
1402 1636 1579 1678 fabula
1624 1650 1802 1690 graeca
1845 1637 2027 1689 sumpsit
2062 1640 2136 1678 aut
2175 1648 2231 1677 ex
2261 1637 2482 1678 historia

144 1715 313 1744 rerum
342 1706 611 1757 gestarum.
670 1701 801 1745 Andr.
835 1703 933 1745 194:
976 1704 1123 1744 Davos
1151 1719 1251 1757 sum,
1294 1718 1375 1743 reon
1409 1702 1640 1757 Oedipus.
1672 1726 1723 1732 —-
1754 1702 1862 1744 Eun.
1897 1703 2025 1745 10273
2075 1701 2162 1750 Qui
2190 1704 2325 1743 minus
2355 1718 2480 1758 quam

145 1769 393 1811 Hercules
421 1770 592 1811 servivit
625 1768 911 1824 Omphalae.
969 1770 1021 1812 In
1051 1771 1204 1823 quibus
1235 1771 1341 1812 nihil
1370 1771 1538 1812 obscuri
1566 1771 1690 1811 inest.
1723 1794 1773 1799 —
1806 1769 1901 1811 Una
1937 1771 2185 1823 metaphora
2221 1784 2277 1812 ex
2304 1771 2482 1812 historia

144 1836 336 1878 derivata
364 1836 471 1878 Eun.
503 1836 601 1878 783:
645 1836 757 1877 idem
785 1836 858 1877 hoc
887 1838 974 1877 iam
1002 1837 1226 1894 Pyrrhus
1244 1837 1484 1891 jactitavit,
1520 1849 1672 1890 nempe
1702 1838 1783 1878 sibi
1812 1841 1860 1878 ut
1889 1838 2013 1879 miles
2042 1836 2240 1879 Eunuchi
2269 1837 2481 1892 gloriosus

145 1908 242 1956 post
269 1906 477 1957 principia
507 1906 620 1945 cavit
648 1905 753 1945 loco.
784 1928 839 1934 -
868 1905 1083 1946 Audacior
1111 1917 1191 1945 nec
1220 1918 1305 1945 non
1335 1905 1568 1958 elegantior
1597 1917 1693 1943 cum
1724 1905 1815 1956 ipso
1843 1906 2015 1944 nomine
2051 1908 2212 1957 careat,
2257 1904 2481 1945 translatio

145 1974 230 2023 est,
276 1982 384 2022 quae
424 1971 583 2024 legitur
624 1970 731 2011 Eun.
775 1970 899 2012 1085:
944 1972 1047 2011 satis
1089 1971 1160 2011 diu
1203 1972 1288 2011 iam
1327 1971 1400 2010 hoc
1440 1985 1589 2010 saxum
1631 1984 1761 2011 vor-so,
1832 1970 1937 2011 Eam
1981 1970 2033 2010 ad
2078 1970 2249 2023 Sisyphi
2292 1970 2484 2011 fabulam

146 2038 361 2089 pertinere
390 2037 576 2090 apparet.

347 2102 550 2158 Legimus
580 2103 711 2145 Andr.
739 2103 839 2146 6983
871 2103 969 2146 Non
986 2103 1246 2161 Apollinis
1273 2103 1408 2158 mayis
1436 2117 1578 2144 verum
1610 2108 1733 2158 atque
1764 2101 1836 2143 hoc
1866 2107 2162 2158 responsumst.
2223 2100 2316 2152 Qua
2345 2106 2486 2145 trans-

147 2170 306 2211 latione
335 2174 600 2211 transeamus
630 2172 681 2211 ad
721 2184 812 2225 eas,
857 2183 966 2224 quae
1010 2172 1223 2213 derivatae
1266 2175 1368 2212 sunt
1413 2184 1437 2211 a
1479 2170 1599 2211 deis.
1657 2169 1707 2210 In
1736 2170 1886 2211 harum
1914 2170 2061 2211 multis
2091 2174 2167 2211 aut
2195 2172 2487 2223 metonymiae

145 2241 222 2279 aut
250 2238 504 2293 hyperboles
532 2240 558 2280 i.
580 2251 615 2280 e.
635 2238 826 2280 decentis
854 2240 946 2280 veri
977 2240 1302 2293 superiectionis
1331 2240 1418 2279 vim
1446 2239 1587 2278 inesse
1606 2237 1829 2292 exemplis,
1859 2250 1970 2290 quae
2001 2241 2254 2291 sequuntur,
2285 2237 2487 2281 elucebit.

145 2304 277 2348 Haut.
307 2306 408 2348 693:
453 2307 674 2347 Deorum
704 2307 836 2346 vitam
865 2307 956 2361 apti
983 2321 1136 2348 sumus.
1173 2331 1229 2336 —
1263 2307 1387 2349 Phor.
1418 2307 1519 2348 345:
1562 2321 1644 2347 ‘non
1673 2313 1713 2345 tu
1742 2305 1849 2345 hunc
1879 2304 2035 2344 habeas
2060 2303 2194 2359 plane
2220 2311 2490 2358 praesentem

145 2371 300 2413 deum?
330 2396 384 2403 —-
412 2372 519 2416 Hec.
551 2372 651 2415 843:
683 2373 819 2414 Deus
848 2388 949 2427 sum,
979 2374 1018 2414 si
1044 2373 1119 2414 hoc
1147 2374 1261 2415 itast.
1292 2398 1347 2404 —
1376 2373 1454 2416 Ad.
1486 2373 1586 2415 535:
1627 2372 1744 2425 facio
1773 2380 1810 2412 te
1841 2371 1959 2427 apud
1987 2370 2106 2412 illum
2139 2371 2292 2412 deum.
2322 2395 2377 2402 —
2407 2371 2489 2414 Ad.

146 2439 248 2482 770:
278 2439 359 2482 De.
396 2439 458 2480 Tu
488 2441 524 2481 si
551 2455 663 2481 meus
693 2455 799 2481 esses
817 2464 871 2470 —
890 2439 963 2495 Sy.
1022 2440 1118 2481 Dis
1148 2441 1316 2496 quidem
1346 2456 1461 2483 esses.
1482 2465 1535 2470 —-
1553 2440 1648 2481 Uno
1678 2441 1769 2481 loco
1800 2453 1898 2480 cum
1926 2439 2094 2479 nomine
2124 2438 2267 2480 divino
2288 2439 2367 2481 Ad.
2388 2440 2489 2482 7613

147 2507 243 2561 ipsa
272 2508 310 2548 si
339 2510 486 2562 cupiat
513 2507 664 2561 salus,
695 2523 864 2548 servare
892 2523 974 2547 raon
996 2514 1150 2562 potest.
1170 2532 1223 2538 ——
1242 2508 1527 2561 Metonymice
1557 2508 1668 2548 dicta
1696 2507 1801 2547 haee
1832 2512 1898 2547 est
1921 2506 2030 2548 Eun.
2058 2506 2158 2546 732:
2189 2507 2279 2546 sine
2311 2505 2491 2547 Cerere

149 2579 189 2615 et
218 2573 401 2616 Libero
422 2575 562 2631 friqet
601 2574 773 2630 Venus,
818 2586 925 2628 quae
969 2574 1213 2629 metaphora
1241 2587 1324 2616 usu
1352 2575 1453 2616 trita
1483 2576 1584 2616 erat.
1630 2598 1681 2604 —
1724 2572 1906 2615 Mutatio
1936 2572 2064 2628 paulo
2093 2572 2275 2616 alienior
2303 2575 2417 2617 inest
2445 2575 2491 2616 in

148 2645 347 2693 sequenti
374 2643 504 2684 Haut.
538 2643 704 2690 103563

416 2709 515 2750 Non
544 2710 582 2750 si
611 2724 664 2750 ese
694 2710 858 2763 capite
886 2709 943 2749 sis
971 2723 1070 2748 meo

416 2776 592 2831 Natus,
623 2778 721 2818 item
750 2783 798 2818 ut
828 2777 942 2817 aiunt
972 2776 1021 2817 M
1030 2776 1249 2816 ineo-vam
1282 2788 1367 2815 esse
1398 2789 1449 2815 ea·-
1478 2774 1612 2827 Jove,
1644 2789 1696 2815 ea
1726 2789 1857 2815 causa
1888 2775 2024 2829 mayis
2046 2775 2212 2830 patiar.

149 2841 244 2892 Quo
273 2845 317 2885 in
348 2844 461 2887 dicto
494 2857 675 2887 acumen
705 2858 791 2887 non
820 2846 924 2886 satis
952 2843 1122 2885 videtur
1150 2842 1387 2883 dilucidum
1416 2854 1533 2892 esse,
1577 2844 1792 2895 quoniam!
1822 2855 1922 2884 cum
1965 2843 2111 2884 fabula
2153 2844 2286 2883 mirae
2315 2841 2491 2895 originis

148 2909 255 2953 deae
285 2912 498 2953 sententia
527 2913 781 2967 praecipuae
811 2912 1000 2953 caritatis
1044 2910 1213 2952 omnino
1253 2922 1338 2951 non
1378 2911 1607 2952 coniuncta
1635 2915 1715 2952 est.
1760 2935 1812 2941 -—
1858 2909 2044 2952 Pulchre
2088 2910 2250 2951 dictum
2277 2907 2356 2950 Ad.
2391 2906 2490 2949 184:

152 2977 503 3020 Debacchatus
532 2994 586 3034 es,
617 2981 644 3022 i.
677 2992 712 3021 e.
743 2979 796 3020 ad
824 2983 868 3020 te
896 2978 1057 3019 redisti.
1081 3000 1135 3006 —
1166 2975 1354 3018 Genius
1380 2976 1506 3019 Phor.
1536 2977 1614 3018 44:
1644 2992 1759 3019 suom
1791 2977 2033 3032 defrudans
2060 2976 2289 3033 9enium,
2319 2977 2346 3017 i.
2377 2988 2413 3017 e.
2445 2987 2491 3017 se

150 3047 304 3099 ipsum,
334 3060 443 3099 quae
472 3052 574 3089 nota
602 3047 824 3088 translatio
853 3046 966 3100 apud
990 3044 1191 3088 Plautum
1222 3050 1265 3086 et
1288 3044 1505 3086 Lucilium
1532 3045 1704 3099 legitur.
1764 3046 2053 3087 Contrarium:
2083 3045 2226 3099 qenio
2256 3043 2492 3098 indulgere.

151 3111 247 3156 Uno
276 3113 370 3157 loco
400 3115 638 3169 reperimus
668 3113 922 3157 vocabulum
948 3111 1049 3155 deus
1064 3125 1141 3167 pro
1160 3110 1323 3154 domino
1343 3110 1467 3155 Phor.
1487 3110 1560 3154 74:
1590 3114 1759 3155 memini
1786 3113 1974 3170 relinqui
2002 3128 2067 3154 me
2097 3112 2184 3154 deo
2215 3113 2350 3153 irato
2379 3125 2491 3153 meo.

151 3204 206 3210 —›
249 3179 339 3222 Nec
382 3182 529 3237 plures
574 3185 700 3236 poeta
739 3181 1039 3222 translationes
1082 3192 1143 3220 ex
1185 3180 1336 3221 rebus
1380 3179 1571 3223 divinis
1614 3182 1810 3236 sumpsit.
1870 3179 2154 3222 Hariolari
2189 3179 2254 3220 bis
2284 3178 2363 3220 Ad.
2395 3177 2492 3232 202,

151 3246 276 3290 Phor.
306 3248 400 3292 492.
422 3272 475 3280 ——
504 3249 627 3290 Vove
638 3263 689 3289 re
718 3248 822 3290 Hec.
846 3248 990 3299 434153
1021 3247 1219 3288 vovisse
1248 3246 1356 3288 hunc
1386 3247 1539 3304 dicam,
1569 3255 1614 3290 ut
1642 3264 1706 3290 me
1737 3248 1993 3290 ambulando
2023 3252 2246 3303 rumperet.
2269 3269 2316 3276 —-
2335 3244 2495 3287 Aucu-

149 3315 286 3369 pium
313 3315 422 3357 Eun.
454 3316 557 3358 247:
602 3316 677 3358 hoc
719 3322 904 3357 ‘novumst
949 3315 1226 3369 aucupium.
1270 3338 1325 3345 —
1369 3314 1535 3364 Quibus
1564 3317 1699 3359 multo
1729 3318 1967 3371 elegantior
1995 3328 2104 3370 quae
2131 3318 2202 3356 est
2230 3313 2359 3355 Haut.
2390 3312 2495 3355 975:

2160 3381 2217 3423 2*
