2635 3544
1209 160 1419 223 18

297 281 509 336 *Verbum
549 290 845 349 conflandi
884 306 1007 350 saepe
1050 294 1165 337 velut
1204 294 1335 337 Andr.
1378 293 1479 337 650:
1523 291 2022 351 quantas'conflavit
2059 291 2377 337 sollicitudines.
2419 320 2473 325 —

115 361 225 404 Eun.
270 361 374 403 874:
434 360 547 403 malo
584 360 804 415 principio
827 370 1003 416 -mayna
1038 360 1332 415 saveniliaritas
1375 376 1466 403 con
1465 361 1508 416 f
1511 361 1696 404 catast.
1743 385 1793 393 ·-
1843 360 1877 403 S
1887 353 2153 402 asar-rare
2192 362 2322 403 Andr.
2364 362 2469 404 779:

114 429 408 471 susurrari
437 428 581 470 audio.
623 452 676 457 —-
716 427 843 469 Haut.
872 427 978 470 473:
1022 428 1161 485 Syrus
1200 444 1291 471 cum
1329 429 1403 471 illo
1432 436 1571 471 vostro
1601 437 2002 471 consusurrant.
2061 430 2151 471 Has
2180 430 2473 472 translationes

114 509 214 541 cum
244 495 421 538 verbum
448 492 786 537 susurrandi
813 495 940 536 etiam
970 495 1022 537 de
1052 497 1233 552 apibus
1264 498 1427 552 proprie
1450 496 1609 538 dictum
1634 498 1874 552 reperiatm,
1904 498 1985 538 alio
2011 509 2179 552 quoque
2208 497 2300 538 1000
2328 497 2472 539 referri

115 575 239 619 posse
279 563 423 617 negari
462 562 627 616 nequit,
668 574 927 616 quamquam
969 564 1087 617 prius
1130 564 1256 605 verbo
1291 564 1446 604 lenem
1488 566 1688 604 ventum
1718 563 1999 619 significatum
2030 577 2119 606 esse
2149 563 2270 605 nobis
2300 563 2471 619 quidem

117 633 279 671 certum
308 630 483 670 videtur.

319 694 462 737 Restat
485 699 531 736 ut
555 694 608 736 ad
632 693 837 737 vocabula
863 695 1062 737 translata
1088 697 1332 738 accedamus
1355 709 1498 738 earum
1523 708 1662 737 lerum
1686 697 1865 750 propria,
1896 709 2003 750 quae
2034 697 2284 739 homin-um
2313 709 2423 738 man
2432 709 2472 749 u,

117 775 278 818 opera,
307 762 524 803 consilio
553 761 715 813 factae
744 765 853 802 sunt.
914 759 1164 803 Columen
1196 763 1315 803 Phor.
1345 762 1448 804 287:
1480 761 1720 803 columen
1748 777 1847 804 vero
1864 763 2088 818 familiae.
2113 786 2160 794 —
2192 762 2334 806 Crux
2362 763 2471 806 Eun.

115 828 219 874 383:
250 828 338 870 illis
368 827 610 870 crucibus
640 842 748 885 quae
777 843 854 869 nos
882 842 1049 883 semper
1077 830 1282 882 cruciant,
1311 830 1502 885 referam
1529 828 1744 885 qratiam?
1801 829 1953 873 Confer
1980 835 2188 873 nostrum:
2222 829 2405 885 „5c'iule”
2432 834 2472 873 et

119 895 409 952 ,Quussfteuffss
451 896 607 951 quibus
647 895 790 937 verbis
830 909 909 937 nos
950 897 1095 938 eadem
1134 897 1363 938 mutatione
1404 897 1571 939 utimur.
1630 897 1779 952 Neque
1814 898 1867 938 iis
1897 896 2115 938 obsc1u·ior
2141 901 2204 939 est
2232 898 2473 953 metaphora

118 965 198 1006 Ad.
238 963 342 1006 444:
393 963 514 1005 huius
552 962 722 1016 ‚ceneris
761 962 1012 1018 reliquias
1050 969 1213 1006 restare
1253 963 1386 1006 video.
1429 989 1482 994 ——
1524 963 1714 1005 Convicii
1754 977 1879 1006 causa
1920 964 2229 1006 transferuutur
2268 964 2473 1007 vocabula

118 1045 317 1085 carcer,
369 1031 723 1085 sterculinum,
780 1030 1104 1072 silicernium
1144 1044 1275 1086 eaque
1315 1031 1480 1072 sordide
1520 1035 1561 1072 et
1602 1030 1841 1073 deformiter
1881 1030 2003 1072 Phor.
2044 1030 2147 1073 373:
2205 1030 2294 1073 Ain
2325 1038 2474 1073 tamen

118 1095 651 1141 carcer2—Phor.526:
676 1097 1010 1140 sterculinum.
1032 1124 1085 1128 —
1103 1099 1182 1139 Ad.
1195 1097 1295 1139 587:
1319 1096 1635 1138 silicernium
1654 1099 1678 1138 i.
1698 1112 1731 1139 e.
1750 1099 1916 1152 proprie
1935 1098 2093 1139 dictum
2117 1098 2169 1140 de
2192 1099 2340 1153 epuns,
2364 1113 2473 1153 quae

117 1168 156 1209 si
188 1166 284 1221 quis
313 1170 507 1207 mortuus
536 1170 635 1219 erat,
665 1165 994 1207 celebrabantur.
1031 1191 1084 1196 —
1119 1165 1309 1206 Inanima
1339 1164 1489 1206 deinde
1518 1178 1593 1220 pro
1624 1164 1822 1206 inanimis
1851 1169 2067 1220 ponuntur
2096 1165 2212 1207 velut
2228 1165 2473 1220 fenestra

118 1246 195 1290 pro
226 1233 494 1275 occasione
524 1234 615 1274 sive
641 1231 905 1286 facultate
933 1232 1059 1273 Haut.
1088 1230 1189 1273 481:
1231 1236 1432 1287 quantam
1450 1230 1739 1287 fenestram
1768 1230 1828 1273 ad
1856 1231 2087 1288 nequitiam
2107 1231 2385 1289 patefeceris.
2414 1255 2471 1264 -

117 1301 225 1344 Tum
253 1301 406 1342 restis
435 1314 511 1355 pro
542 1300 798 1355 anqustiis
827 1299 948 1341 Phor.
980 1298 1078 1342 686:
1111 1298 1171 1340 ad
1197 1299 1367 1340 restim
1395 1313 1464 1340 res
1491 1298 1605 1340 redit
1633 1298 1745 1340 mihi.
1763 1322 1819 1329 —
1844 1298 1978 1341 Craa·
2006 1313 2080 1353 pro
2109 1299 2316 1341 miseria
2346 1300 2468 1342 Phor.

119 1367 221 1412 544:
265 1383 473 1424 quaerere
502 1368 548 1409 in
577 1366 689 1409 malo
718 1366 865 1408 iubeas
894 1382 1099 1408 crucem.
1142 1389 1191 1396 —
1235 1366 1635 1421 Comparationis
1670 1368 1713 1408 vi
1744 1366 1915 1408 indutae
1943 1372 2059 1420 sunt,
2100 1380 2208 1421 quae
2236 1372 2472 1422 sequuntur

119 1435 388 1491 metaphorae
417 1435 497 1476 Ad.
513 1434 619 1477 415:
651 1434 860 1489 inspicere
890 1440 1101 1490 &nuquam
1131 1433 1177 1474 in
1205 1448 1289 1490 spe
1302 1431 1463 1474 culum
1493 1433 1540 1474 in
1569 1432 1701 1475 vitas
1730 1434 1992 1475 omnium.—
2014 1433 2093 1475 Ad.
2123 1432 2223 1475 428:
2255 1441 2468 1491 tamquam

119 1502 167 1544 in
195 1502 453 1557 speculum
481 1503 527 1543 in
550 1502 767 1556 patinas
796 1502 1001 1556 inspicere
1029 1501 1159 1543 iubeo.

326 1570 487 1612 Ultima
516 1570 656 1611 ultimi
683 1570 849 1624 generis
878 1574 1009 1623 parte,
1040 1573 1084 1611 ut
1113 1569 1164 1610 de
1193 1580 1239 1610 ea
1279 1568 1514 1615 videamus,
1552 1568 1761 1623 agendum
1791 1572 1852 1610 est
1882 1569 1933 1610 de
1962 1568 2322 1620 translationibus,
2364 1580 2472 1623 quae

120 1637 232 1680 fiunt
260 1651 359 1678 011111
389 1650 466 1677 res
497 1650 623 1690 quae
651 1637 742 1678 sub
772 1648 949 1677 sensus
988 1650 1081 1676 non
1120 1637 1319 1687 cadunt,
1361 1649 1436 1689 pro
1466 1636 1613 1676 rebus
1643 1637 1824 1677 animis
1853 1641 2077 1689 ponuntur.
2136 1636 2277 1677 Pauca-
2305 1641 2472 1678 exstant

120 1704 317 1759 exempla
347 1717 481 1758 eaque
510 1703 704 1746 dilucida.
763 1702 993 1745 Convicii
1023 1717 1157 1755 causa,
1187 1717 1211 1744 a
1241 1715 1325 1757 quo
1355 1702 1524 1745 initium
1554 1703 1779 1758 capiamus,
1810 1702 1921 1744 dicta
1949 1706 2048 1744 sunt
2068 1701 2147 1743 Ad.
2169 1700 2267 1745 189:
2293 1702 2469 1757 pestis.

123 1796 178 1802 --
208 1771 289 1813 Ad.
322 1770 421 1813 188:
461 1770 726 1826 pernicies
755 1770 990 1812 communis.
1031 1793 1086 1800 —
1120 1769 1250 1826 Saepe
1278 1769 1445 1812 scelus
1474 1770 1604 1812 Andr.
1634 1769 1735 1813 317:
1780 1768 1881 1811 abin
1909 1768 1955 1811 in
1983 1768 2142 1811 malam
2170 1783 2259 1811 rem.
2287 1769 2472 1824 scelus,·

124 1840 235 1881 idem
268 1840 397 1880 Andr.
428 1839 522 1881 607.
554 1865 607 1869 —
636 1839 715 1881 Ad.
745 1839 846 1880 314:
880 1840 953 1894 qui
977 1838 1088 1878 illud
1108 1837 1322 1892 produxit
1350 1838 1541 1879 scelus?
1582 1862 1628 1868 -
1671 1837 1970 1893 Exemplum
2000 1851 2085 1878 11110
2115 1838 2206 1878 loco
2237 1839 2366 1880 Andr.
2396 1839 2479 1881 92z·

395 1984 548 2025 Quorum
573 1983 751 2019 verborum
775 1983 954 2019 offendunt
977 1983 1068 2018 inter
1090 1982 1175 2018 alios
1198 1982 1378 2028 praecipue
1391 1981 1586 2018 Bentleium
1611 1982 1710 2017 haee:
1734 1982 1903 2018 hominem
1927 2003 1969 2008 —
1993 1983 2031 2018 in
2055 2003 2097 2009 -
2121 1983 2325 2026 inpluvium.
2373 1983 2473 2027 Quod

395 2039 439 2072 ad
464 2038 667 2072 vocabulum
690 2040 858 2073 hminem
880 2039 1017 2081 attinet,
1049 2038 1237 2072 rectissime
1261 2037 1314 2071 vir
1337 2037 1460 2071 doctus
1484 2037 1671 2071 secundum
1708 2041 1838 2072 veteres
1861 2038 1974 2072 Iovem
1997 2039 2101 2072 etiam
2136 2039 2172 2072 in
2207 2039 2299 2073 caelo
2322 2039 2471 2075 humana

398 2095 503 2130 fuisse
527 2095 635 2130 forma
659 2095 816 2138 adnotat,
852 2095 961 2139 igitur
983 2094 1082 2130 (1011111
1114 2105 1150 2129 30
1173 2094 1209 2130 111
1233 2094 1406 2130 hominem
1442 2097 1637 2130 convertere
1666 2105 1734 2130 non
1758 2095 1923 2140 potuisse,
1958 2095 2158 2140 praesertim
2194 2106 2271 2130 011111
2294 2106 2335 2131 ex
2357 2097 2471 2132 fabula

396 2149 470 2195 ipsa
495 2149 596 2183 deum
618 2149 654 2184 in
677 2160 799 2184 aurum
820 2149 1073 2184 seconvertisse
1095 2151 1216 2184 notum
1241 2148 1299 2183 sit.
1346 2148 1422 2191 Qua
1445 2149 1488 2184 de
1517 2161 1619 2184 081138
1643 2149 1821 2184 Βο111101113
1845 2149 1990 2185 coniecit
2008 2150 2045 2184 in
2057 2163 2180 2184 auram
2203 2152 2266 2185 aut
2288 2150 2473 2186 Horatium

395 2209 512 2249 (carm.
537 2206 600 2240 ΠΙ.
628 2207 684 2248 16)
707 2208 845 2241 secutus
869 2207 905 2239 in
925 2207 1086 2250 precium.
1132 2206 1226 2248 Quas
1250 2206 1465 2241 coniecturas
1488 2207 1554 2241 etsi
1584 2207 1712 2252 optime
1746 2207 1782 2241 in
1815 2216 1952 2241 sensum
1983 2206 2166 2251 quadra-nt,
2202 2207 2237 2242 in
2262 2208 2394 2242 textum
2418 2208 2473 2243 vix

396 2261 550 2305 recipias,
576 2272 652 2295 011111
676 2261 768 2295 verbi
793 2261 913 2296 traditi
937 2262 1072 2296 litterae
1094 2261 1198 2296 nimis
1221 2261 1265 2294 ab
1288 2260 1333 2294 iis
1356 2261 1586 2295 coniectorum
1609 2261 1825 2296 abhorreant.

595 2315 758 2352 Fortasse
780 2316 809 2351 si
835 2328 960 2362 nugam
984 2328 1095 2352 meam
1115 2317 1248 2352 adferre
1270 2316 1391 2352 licebit
1413 2317 1481 2362 legi
1506 2320 1637 2363 potest:
1661 2318 1774 2353 Deum
1796 2329 1867 2354 sese
1888 2318 1990 2353 indi
1994 2328 2074 2363 qne
2097 2318 2312 2361 convertisse,
2335 2320 2376 2353 ut
2398 2319 2471 2365 ipsa

398 2372 602 2407 mutationis
638 2372 727 2408 ratio
755 2372 848 2408 velut
880 2373 1032 2408 versibus
1055 2373 1339 2410 antecedentibus
1374 2375 1455 2408 nota
1492 2373 1683 2409 omittatur.
1730 2373 1805 2418 Quo
1828 2373 2020 2409 constituto
2053 2385 2171 2409 versus
2200 2375 2383 2420 sequentes
2412 2374 2474 2421 qui

394 2430 497 2465 aliter
532 2430 587 2463 vix
619 2429 768 2474 intelligi
800 2433 962 2476 possunt:
1008 2431 1052 2464 At
1076 2443 1175 2474 quem
1199 2432 1324 2466 deun!
1357 2451 1400 2456 —
1436 2433 1513 2476 Ego
1536 2433 1715 2467 homuncio
1738 2433 1801 2467 hoc
1823 2443 1893 2465 non
1907 2433 2096 2475 facerem?-
2130 2442 2267 2466 3011311111
2292 2432 2473 2477 praebent:

394 2485 432 2521 Si
445 2485 585 2522 deorum
597 2486 671 2531 regi
683 2485 747 2522 1100
760 2484 939 2530 indignum
952 2485 1059 2523 facere
1071 2486 1163 2531 licet,
1171 2487 1256 2534 quin
1268 2497 1333 2533 ego
1344 2486 1527 2524 homuncio
1539 2487 1670 2524 faciam.
1702 2487 1911 2533 Implum'um
1920 2483 2043 2524 deinde
2052 2486 2208 2534 ineptum
2217 2486 2309 2534 quod
2317 2486 2475 2535 luppiter

394 2553 425 2576 31
438 2553 499 2589 per
510 2542 547 2576 id
555 2542 736 2587 deciderit,
761 2554 829 2577 non
842 2542 995 2588 proprior
1007 2543 1111 2578 fuerit
1122 2543 1242 2579 Danae
1254 2543 1412 2578 cubiculo
1424 2554 1526 2590 quam
1539 2544 1569 2579 si
1582 2544 1665 2579 foris
1677 2544 1713 2580 in
1726 2544 1781 2579 via
1793 2546 1885 2579 esset
1895 2543 1964 2588 (B).
2011 2544 2127 2588 Igitur
2137 2544 2193 2578 hic
2205 2544 2269 2579 viri
2281 2544 2473 2580 doctissimi

392 2598 625 2635 coniecturam
643 2610 712 2644 per
730 2599 888 2643 pluviam
912 2599 1117 2645 arripiamus
1141 2601 1287 2646 oportet,
1324 2610 1427 2646 quam
1450 2598 1689 2636 Fleckeisenus
1720 2601 1756 2637 in
1791 2600 1986 2636 recensione
2016 2599 2166 2636 Terentii
2203 2611 2270 2636 non
2306 2600 2473 2647 probavit,

392 2665 471 2688 cum
496 2655 637 2699 scripsit
653 2667 724 2698 per
740 2655 910 2698 pluvium.
936 2656 958 2689 i.
980 2667 1008 2690 e.
1032 2657 1237 2699 inpluvium.
1283 2655 1383 2689 Hane
1406 2656 1553 2690 Bentleii
1584 2657 1813 2691 coniecturam
1843 2667 1919 2690 cum
1944 2657 2143 2701 recepimus,
2178 2667 2281 2690 causa
2317 2668 2385 2691 non
2419 2659 2473 2690 est

391 2721 454 2745 0111·
477 2710 520 2744 ab
545 2711 668 2756 optimi
691 2710 820 2746 codicis
844 2711 987 2746 lectione
1010 2712 1045 2745 in
1070 2712 1206 2746 alienas
1228 2713 1361 2756 tegulas
1383 2712 1616 2747 abscedamus,
1712 2755 1714 2757 ι

595 2765 671 2809 Quo
693 2765 768 2801 loco
792 2766 930 2801 silent-io
950 2766 1033 2801 mihi
1048 2766 1390 2813 praetermittendum
1404 2777 1472 2803 non
1485 2778 1560 2803 0330
1572 2770 1658 2815 puto
1671 2767 1762 2815 quod
1787 2768 1822 2804 in
1837 2768 2032 2804 recensione
2045 2767 2105 2804 illa
2118 2778 2221 2815 quam
2234 2767 2472 2804 Fleckeisenus

390 2822 519 2864 edidit,
566 2822 724 2857 nonnulli
758 2822 824 2856 loci
858 2825 1014 2864 exstant,
1050 2823 1177 2867 quibus
1211 2835 1289 2858 eum
1325 2835 1462 2858 3011311111
1498 2825 1637 2859 omnino
1675 2837 1742 2859 non
1780 2824 1984 2869 praebeant,
2019 2823 2311 2869 Umpfenbachius
2346 2824 2472 2858 rectius

392 2876 636 2922 intellegendis
659 2876 836 2911 consuluit
859 2877 1080 2911 distinctione
1102 2881 1248 2915 mutata.
1295 2879 1458 2925 Inprimis
1481 2881 1590 2916 Andr.
1610 2884 1711 2924 395‚6
1741 2880 1801 2926 qui
1825 2890 1943 2914 versus
1966 2878 2058 2925 apud
2082 2878 2124 2914 U.
2149 2879 2330 2924 leguntur:

819 2935 913 2968 Nam
936 2935 1028 2977 quod
1049 2941 1087 2970 ta
1110 2947 1245 2979 speres.-
1268 2938 1502 2981 „prqmlmbo
1517 2938 1634 2982 facile
1656 2949 1799 2972 uxorem
1822 2936 1875 2970 his
1897 2936 2069 2970 moribus.-

819 2989 927 3025 Daln't
949 2992 1083 3025 nc'mo“:
1106 2992 1256 3026 inveniet
1278 2992 1415 3038 inopem
1432 2994 1553 3038 potius
1575 2995 1612 3027 et
1634 2995 1756 3028 cetera.

593 3047 723 3082 Versus
746 3048 795 3081 ita
820 3047 977 3081 distincti
1002 3049 1129 3092 optime
1152 3050 1186 3083 in
1212 3061 1349 3083 3011311111
1374 3051 1546 3093 quadrant
1582 3062 1691 3093 neque
1726 3050 1858 3093 aliquid
1894 3049 2010 3082 deesse
2041 3059 2117 3081 vum
2144 3048 2281 3081 Dona-to
2304 3049 2473 3092 suspicari

391 3103 556 3150 cogimur.
580 3122 624 3127 —
648 3102 752 3152 Apud
776 3101 813 3138 F.
839 3101 874 3138 hi
900 3114 1017 3139 versus
1040 3103 1132 3140 hunc
1155 3104 1188 3141 in
1213 3107 1349 3143 modum
1374 3106 1658 3152 distinguuntur:

819 3162 911 3195 Nam
937 3162 1030 3202 qnod
1053 3167 1087 3195 tu
1112 3164 1240 3204 speres,
1261 3165 1475 3206 pr151›ulsabo
1492 3164 1620 3204 facile.
1643 3174 1786 3198 uxorem
1810 3163 1864 3195 ki·
1885 3162 2036 3195 moribus

932 3235 977 3243 -ι
1111 3236 1154 3243 —-
1289 3239 1333 3245 —.
1468 3236 1513 3245 —n
1646 3237 1691 3245 —
1826 3237 1870 3245 u·—

818 3274 926 3307 Dabit
949 3284 1057 3308 nemo.
1081 3275 1117 3307 et
1139 3276 1261 3308 cetera.
