2635 3544
182 738 357 911 ct*
374 707 594 901 W

144 975 251 1064 De
309 977 1118 1068 translationibus
1186 1005 1381 1092 quae
1440 977 1812 1066 dicuntur
1878 978 2481 1068 terentianis

344 1202 504 1282 Quam
547 1224 791 1281 disputandi
832 1225 1053 1267 materiam
1096 1216 1215 1268 nobis
1249 1225 1569 1281 proposuimus,
1612 1226 1860 1280 priusquam
1900 1224 1953 1267 ad
1986 1225 2124 1280 ipsam
2151 1225 2407 1268 accedamus
2437 1229 2483 1268 et

138 1292 511 1336 translationes
557 1295 878 1337 terentianas
924 1294 1249 1349 investigemus,
1307 1293 1437 1336 verbo
1479 1294 1771 1347 breviterque,
1830 1293 2051 1336 translatio
2095 1305 2180 1347 qua
2226 1295 2283 1336 sit
2327 1299 2482 1337 natura

137 1360 399 1424 tangendum
428 1361 598 1401 videtur
627 1373 838 1412 quamque
867 1364 954 1401 vim
983 1362 1299 1413 complectatur.

338 1425 387 1469 In
417 1428 531 1471 omni
561 1429 750 1470 omnium
777 1429 993 1471 hominum
1023 1432 1067 1471 et
1095 1426 1314 1471 doctorum
1345 1431 1389 1470 et
1418 1425 1685 1470 indoctorum
1717 1439 1912 1470 sermone
1943 1426 2151 1471 vocabula
2179 1428 2323 1471 inesse
2352 1440 2479 1471 nemo

138 1496 204 1535 est
248 1494 323 1548 qui
367 1494 551 1551 ignoret,
598 1507 706 1550 quae
751 1508 775 1538 a
817 1496 984 1551 proprio
1027 1494 1120 1538 loco
1165 1495 1208 1537 in
1252 1494 1384 1537 alium
1420 1494 1629 1537 translata
1666 1497 1778 1537 sunt.
1839 1492 1927 1550 Ipsi
1956 1494 2081 1537 liberi
2109 1494 2479 1549 indoctissimique

136 1561 328 1601 homines
358 1564 411 1602 iis
438 1565 745 1603 mutationibus
774 1568 972 1615 utuntur,
1017 1564 1090 1603 ubi
1120 1564 1323 1603 similium
1365 1562 1675 1615 significatione
1716 1564 1787 1601 cui
1816 1565 1879 1602 rei
1914 1575 2070 1602 nomen
2114 1566 2168 1603 iis
2197 1564 2338 1615 deest,
2383 1576 2479 1603 eam

135 1629 320 1669 naturali
349 1630 529 1680 quadam
547 1631 751 1671 facultate
770 1632 1008 1682 exprimere
1027 1630 1307 1671 adducuntur.
1368 1629 1519 1680 Itaque
1547 1630 1794 1670 necessitate
1823 1630 1977 1670 rustici
2001 1645 2238 1683 gemmam
2259 1631 2304 1671 in
2324 1629 2479 1672 vitibus

136 1700 175 1735 et
210 1694 356 1737 sitire
394 1702 550 1751 segetes
594 1703 632 1737 et
660 1696 840 1751 fructus
878 1695 1127 1738 laborare.
1187 1694 1380 1750 (Quintil.
1424 1694 1528 1738 Inst.
1572 1699 1724 1738 orator.
1772 1693 1890 1739 VIII.
1933 1695 1970 1739 6.
1994 1696 2068 1750 6.)
2131 1695 2292 1739 Eadem
2333 1700 2477 1739 autem

135 1764 392 1805 necessitate
422 1776 505 1816 qua
534 1777 617 1805 non
648 1766 883 1805 sentientes
912 1766 965 1805 iis
1001 1764 1307 1806 mutationibus
1347 1768 1549 1818 utuntur,
1596 1764 1721 1805 docte
1762 1764 2036 1816 loquentibus
2076 1765 2188 1805 tales
2229 1769 2475 1806 nascuntur.

136 1828 243 1869 Cum
273 1830 387 1870 enim
416 1831 639 1883 permultis
668 1831 813 1882 rebus,
855 1830 1095 1872 adfectibus
1137 1831 1461 1881 actionibusque
1490 1832 1660 1883 propria
1704 1832 1876 1871 nomina
1915 1830 2075 1883 desint,
2120 1831 2367 1872 necessitate
2401 1845 2477 1871 nos

136 1894 310 1937 durum
339 1896 543 1939 hominem
574 1904 648 1937 aut
679 1912 920 1953 asperum.
981 1896 1076 1939 Non
1106 1897 1214 1939 enim
1236 1897 1464 1953 proprium
1495 1903 1588 1938 erat
1619 1896 1733 1953 quod
1750 1896 1950 1939 daremus
1967 1896 2031 1939 his
2050 1896 2295 1952 adfectibus
2309 1912 2474 1940 nomen.

134 1963 244 2005 Vide
275 1962 451 2014 Quintil.
484 1965 574 2007 eod.
608 1965 710 2007 loco.
770 1964 887 2014 Quae
924 1966 1127 2007 naturalis
1162 1965 1445 2008 transferendi
1487 1965 1683 2019 facultas,
1728 1977 1824 2006 oum
1871 1977 1940 2007 ars
1978 1964 2148 2007 dicendi
2189 1965 2475 2020 excoleretur,

133 2032 408 2083 loquentibus
438 2045 522 2074 non
552 2033 805 2075 sufficiebat.
866 2034 1001 2087 Igitur
1030 2035 1158 2075 certis
1183 2034 1433 2085 quibusdam
1454 2034 1650 2074 formulis
1670 2034 1923 2087 legibusque
1941 2034 2068 2074 dictis
2086 2034 2197 2075 aliae
2215 2035 2476 2076 mutationes

134 2101 525 2155 quaerebantur,
555 2114 661 2154 quas
691 2101 889 2142 decoris
919 2115 1046 2142 causa
1064 2101 1341 2143 adsumebant
1359 2102 1601 2154 scriptores,
1632 2113 1729 2141 cum
1760 2100 1858 2141 illae
1889 2101 2026 2154 gratia
2056 2100 2476 2155 significationis

133 2166 446 2211 adhiberentur.
959 2220 961 2222 .

333 2234 452 2277 Inter
469 2236 544 2277 has
564 2238 771 2278 sermonis
790 2237 1088 2278 exornationes
1106 2237 1157 2277 ab
1175 2236 1339 2290 graecis
1358 2236 1646 2288 grammaticis
1666 2236 1959 2288 metaphora
1988 2235 2123 2276 relata
2142 2239 2221 2289 est,
2251 2235 2304 2276 ab
2328 2235 2474 2277 latinis

132 2303 404 2343 translatio
424 2304 602 2355 eiusque
621 2307 814 2344 naturam
832 2303 1134 2355 Quintilianus,
1166 2303 1442 2343 Aristotelem
1461 2306 1648 2354 secutus,
1669 2303 1780 2342 hunc
1800 2303 1843 2342 in
1863 2301 2036 2343 modum
2056 2302 2279 2344 describit:
2322 2302 2476 2343 Trans-

119 2367 274 2422 fertur
303 2384 450 2411 nomen
480 2375 556 2411 aut
584 2369 755 2412 verbum
784 2385 837 2412 eo:
868 2385 915 2412 eo
946 2370 1047 2421 Ioco,
1077 2370 1122 2410 in
1152 2384 1231 2425 quo
1258 2368 1480 2423 proprium
1510 2375 1582 2419 est,
1614 2369 1658 2408 in
1689 2383 1781 2409 eum
1812 2369 1855 2409 in
1886 2383 1968 2424 quo
1999 2375 2076 2410 aut
2097 2370 2330 2425 proprium
2362 2368 2479 2411 deest

131 2441 206 2476 aut
236 2436 491 2478 translatum
518 2438 696 2493 proprio
725 2437 875 2479 melius
908 2444 966 2478 est
1012 2437 1130 2490 (Inst.
1164 2435 1324 2478 Orator.
1357 2435 1473 2477 VIII.
1504 2436 1541 2478 6.
1579 2436 1622 2488 5)
1668 2442 1711 2477 et
1740 2436 1824 2477 alio
1854 2436 1977 2478 locoz.
2016 2435 2275 2492 Metaphora
2311 2436 2479 2479 brevior

130 2510 190 2544 est
218 2504 471 2558 similitudo,
503 2521 589 2561 qua
617 2505 720 2546 haec
746 2521 828 2561 pro
857 2506 954 2561 ipsa
984 2520 1040 2557 re,
1073 2520 1198 2560 quam
1231 2503 1416 2544 volumus
1445 2503 1706 2558 exprimere,
1735 2503 1896 2543 dicitur
1923 2502 2064 2559 (VIII.
2097 2504 2136 2546 6.
2168 2503 2225 2559 8).
2286 2504 2349 2545 Ea
2378 2518 2477 2546 cum

129 2571 225 2612 aliis
260 2574 409 2628 generi
444 2577 703 2627 troporum
739 2573 875 2615 forma
913 2573 1103 2615 subiecta
1143 2575 1226 2624 est,
1273 2585 1367 2611 nam
1413 2576 1559 2626 tropus
1602 2577 1661 2611 est
1706 2569 1821 2611 verbi
1863 2570 1930 2612 vel
1973 2572 2178 2613 sermonis
2223 2587 2251 2613 a
2290 2573 2477 2628 propria

128 2639 437 2693 siqmflcatione
465 2641 511 2682 in
542 2641 674 2682 aliam
705 2656 797 2683 cum
826 2642 980 2682 virtute
1007 2641 1195 2682 mutatio.
1255 2639 1389 2692 (VIII.
1421 2640 1457 2682 6.
1495 2641 1545 2691 l.)
1605 2639 1794 2688 Quarum
1835 2652 1934 2681 cum
1974 2641 2207 2682 nonnullae
2243 2640 2298 2682 ad
2335 2646 2474 2683 trans·

129 2709 300 2752 lationis
330 2711 536 2752 rationem
568 2723 780 2763 usumque
810 2712 1004 2764 proxime
1032 2709 1253 2761 accedant,
1280 2709 1427 2762 paucis
1456 2708 1557 2760 quid
1589 2709 1701 2750 inter
1730 2709 1806 2751 has
1837 2713 1880 2751 et
1910 2708 2029 2750 illam
2059 2708 2317 2763 intercedat,
2349 2709 2475 2753 liceat

129 2778 417 2830 exquiramus,
478 2777 562 2821 Sed
605 2778 708 2820 haec
754 2778 876 2820 modo
920 2777 1143 2820 adnotasse
1181 2776 1371 2819 contenti
1406 2776 1566 2817 erimus
1596 2789 1652 2818 ex
1682 2789 1831 2818 eorum
1861 2789 2042 2818 numero
2072 2775 2302 2819 nonnullos
2330 2783 2474 2831 tropos

129 2844 242 2896 quod
273 2849 316 2885 et
345 2845 397 2885 ad
426 2849 620 2886 naturam
653 2849 696 2886 et
724 2846 777 2886 ad
806 2847 891 2886 vim
921 2847 1086 2898 attinet,
1116 2843 1374 2897 metaphoris
1404 2843 1645 2884 simillimos
1676 2857 1771 2884 esse
1801 2845 1878 2897 ita,
1923 2847 1973 2883 ut
2008 2848 2178 2885 veteres
2208 2845 2476 2897 grammatici

128 2912 260 2952 nimia
295 2924 428 2966 paene
465 2913 613 2954 subtili
648 2911 896 2954 definitione
932 2914 1044 2953 inter
1083 2911 1405 2953 translationem
1448 2910 1677 2952 discrimen
1722 2916 1765 2953 et
1808 2911 1915 2952 alios
1955 2915 2100 2964 tropos
2144 2912 2472 2965 composuerint.

127 2977 279 3031 Neque
308 2980 482 3033 mirum,
527 2992 625 3020 cum
660 2984 827 3022 tantum
856 2981 983 3033 absit,
1026 2982 1074 3020 ut
1113 2979 1253 3019 omnia
1297 2989 1444 3019 eorum
1483 2984 1709 3031 praecepta
1751 2980 1865 3019 inter
1899 2990 1946 3019 se
1981 2979 2253 3020 consentiant
2292 2982 2341 3019 ut
2382 2980 2474 3032 ipse

128 3045 418 3095 Quintilianus
447 3050 519 3090 ubi
550 3050 603 3090 de
646 3051 781 3102 tropis
824 3050 998 3090 uberius
1043 3047 1257 3099 disseruit,
1302 3059 1449 3087 secum
1493 3049 1761 3099 pugnaverit.
1822 3045 1927 3087 Dico
1968 3048 2081 3100 tropi
2110 3046 2303 3100 formam,
2345 3060 2472 3099 quam

127 3111 282 3156 Graeci
301 3116 661 3169 catachresem,
692 3114 834 3157 Latini
851 3114 1146 3157 abusionem
1171 3112 1507 3167 appellaverunt.
1569 3112 1672 3155 Eam
1702 3114 2006 3168 grammaticus
2036 3113 2103 3155 his
2132 3113 2275 3155 verbis
2304 3111 2470 3155 definit:

127 3178 303 3222 abusio
334 3187 394 3222 est
423 3196 532 3238 quae
557 3196 641 3223 ‘non
669 3181 916 3223 habentibus
943 3194 1091 3222 nomen
1119 3194 1241 3221 suum
1270 3179 1570 3234 accommodat,
1630 3179 1765 3233 (VIII.
1797 3181 1834 3223 6.
1865 3181 1953 3233 34.)
1992 3192 2249 3233 quamquam
2276 3180 2389 3221 idem
2417 3180 2472 3220 de

125 3249 488 3308 translat-ionis
530 3251 573 3290 vi
617 3250 741 3291 dicit:
787 3248 962 3304 Copiam
997 3248 1199 3289 sermonis
1233 3254 1360 3303 auqet
1386 3247 1671 3303 permutando
1708 3256 1784 3289 aut
1812 3248 2045 3290 mutuando
2076 3262 2186 3304 quae
2215 3261 2298 3288 non
2326 3246 2474 3300 habet,-

127 3314 320 3370 quodque
351 3316 657 3371 difficillimum
689 3323 766 3369 est,
804 3322 1001 3371 praestat
1030 3331 1057 3356 n
1068 3330 1089 3356 e
1120 3315 1196 3356 ull
1206 3315 1222 3356 i
1249 3330 1273 3355 r
1281 3316 1328 3357 ei
1356 3331 1382 3357 n
1392 3330 1415 3357 o
1423 3331 1463 3356 m
1471 3330 1527 3357 en
1558 3315 1588 3357 d
1596 3330 1616 3356 e
1624 3330 1672 3356 es
1683 3331 1731 3356 se
1761 3317 1973 3359 videatur.
2032 3316 2301 3371 (Sequuntur
2342 3315 2473 3356 verba

442 3401 444 3404 .
2139 3385 2159 3423 1
2169 3383 2192 3406 *
