2635 3544
1300 180 1351 221 14

147 311 219 356 82:
250 318 429 369 captus
459 318 531 367 est,
561 310 696 366 babet.
723 334 775 343 --
801 311 909 354 Eun.
933 312 1031 356 179:
1064 312 1318 369 Labascit,
1349 315 1548 356 victust.
1583 337 1633 345 —
1663 314 1837 355 Amanti
1866 314 1974 354 irato
2003 314 2075 355 cui
2104 325 2230 355 nemo
2257 314 2493 369 medeatur,

146 390 299 421 servus
318 379 470 420 suadet
487 379 596 419 Eun.
617 378 690 419 74:
721 384 760 418 te
788 378 1016 420 redimas
1046 387 1248 435 captum
1279 395 1401 436 quam
1434 395 1563 436 queas
1590 381 1783 420 minume.
1804 401 1858 409 —
1877 379 2041 420 Iterum
2069 381 2275 421 meretrix
2292 384 2495 423 veterana

145 447 275 488 aliam
318 446 432 487 hunc
474 447 520 486 in
562 446 735 487 modum
776 450 923 487 monet
963 446 1071 488 Hoc.
1102 446 1174 488 65:
1223 448 1366 488 hortor
1404 463 1455 487 ne
1500 447 1773 502 quoiusquam
1817 453 1855 486 te
1892 446 2106 499 misereat,
2156 446 2258 501 quin
2286 447 2493 500 spolies,

143 512 364 567 mutiles,
410 512 604 553 laceres
645 526 898 569 quemquam
936 520 1065 554 nacta
1106 515 1172 556 sis.
1222 539 1273 545 —
1319 513 1425 556 Tum
1465 513 1570 556 Hoc.
1610 513 1681 555 70:
1726 513 1899 554 Hiscine
1934 538 1973 543 -
2017 511 2365 554 insidiabere?
2421 513 2493 565 72:

142 579 353 620 iniurium
394 585 566 619 autemst
607 578 795 621 ulcisci
835 580 1199 622 adversarios?
1271 581 1358 621 Aut
1401 595 1482 635 qua
1526 580 1598 620 uia
1632 586 1677 619 te
1718 586 1940 634 captent,
1985 580 2131 620 eadem
2173 580 2310 635 ipsos
2354 578 2495 636 capi?

144 644 443 687 Pulcherrima
470 647 599 687 huius
630 646 746 688 modi
775 652 843 689 est
871 648 1095 689 translatio
1124 660 1233 699 quae
1265 649 1476 700 reperitur
1503 646 1609 687 Hec.
1642 646 1742 687 789:
1787 647 1901 687 Nam
1938 654 2071 702 nupta
2100 647 2313 688 meretrici
2340 647 2495 687 hostis

137 720 228 756 est.
257 724 299 744 —·
321 711 413 755 Nec
432 724 516 755 non
533 712 615 755 filii
633 713 949 757 adulescentuli
976 729 1154 757 uxorem
1184 713 1340 756 ducere
1369 727 1497 768 aegre
1526 713 1734 768 ferebant,
1764 720 1812 756 ut
1841 715 2014 769 nuptias
2031 714 2253 770 fuqientes
2279 714 2496 769 fingantur

144 781 267 822 volut
296 781 430 822 Andr.
460 780 564 822 322:
612 781 805 837 Nuptias
847 783 1099 837 ecfuyere.
1145 805 1197 812 -
1241 781 1358 822 Idem
1401 781 1576 822 verbum
1614 793 1713 822 cum
1742 781 1824 822 alio
1855 783 2026 823 nomine
2056 783 2331 824 coniunctum
2359 782 2492 823 Andr.

144 847 247 890 247:
280 848 547 899 adfinitate-m
578 849 830 904 ecfuqere.
876 873 930 880 —-
974 850 1054 891 Ad.
1085 849 1185 890 954:
1234 848 1442 888 maculam
1475 847 1725 901 ecfuqere.
1772 872 1824 877 —
1870 848 2062 902 Simplex
2090 849 2220 890 Haut.
2255 850 2351 891 166:
2396 848 2495 889 Non

145 916 339 956 convenit
366 930 479 956 mmo
507 930 571 956 me
600 917 739 970 ipemn
757 917 968 971 fuqere.
988 939 1041 946 —
1069 916 1119 957 ln
1149 917 1308 969 nuptiis
1336 915 1552 968 fugiendis
1581 915 1660 955 filii
1688 928 1713 955 a
1742 916 1877 955 servis
1906 915 2227 969 adiuvabantur,
2258 918 2331 968 qui
2360 917 2493 957 domi-

145 984 213 1024 nis
243 982 434 1025 insidiati
464 996 613 1025 eorum
644 984 790 1026 hostes
819 984 1153 1038 appellabantur.
1211 982 1319 1023 Eun.
1344 982 1445 1023 532:
1477 981 1547 1022 dic
1577 997 1650 1036 eqo
1680 982 1739 1022 mi
1766 981 1992 1022 insidias
2010 973 2145 1035 fieri?
2171 1006 2227 1014 —
2256 983 2361 1026 Hec.
2393 983 2492 1025 198:

145 1064 257 1106 quae
286 1049 390 1090 laec
423 1056 482 1091 est
509 1050 829 1092 coniuratio?
875 1075 921 1080 —
968 1049 1090 1092 Phor.
1119 1049 1289 1097 229s30:
1336 1064 1408 1103 eqo
1449 1051 1495 1089 in
1529 1048 1743 1089 insidiis
1778 1048 1844 1089 laic
1875 1063 1944 1090 ero
1975 1048 2397 1091 subcenturiatus.
2443 1073 2492 1080 —

144 1115 375 1158 Pertinent
403 1117 488 1158 11110
518 1122 742 1172 praeterea
770 1118 904 1159 Andr.
928 1117 1029 1158 479:
1060 1131 1121 1156 me
1150 1117 1187 1156 si
1214 1117 1259 1156 in
1289 1116 1399 1156 veris
1427 1115 1589 1170 nuptiis
1620 1115 1827 1156 adortus
1857 1123 1971 1157 esset.
2002 1140 2057 1146 -
2086 1117 2218 1158 Andr.
2248 1117 2349 1159 909:
2379 1117 2495 1157 itane

145 1183 228 1225 ltuc
256 1191 477 1240 paratus
508 1183 722 1225 advenio?
750 1209 803 1214 —
833 1185 961 1226 Haut.
993 1185 1092 1226 514:
1137 1185 1249 1225 Num
1285 1199 1347 1223 me
1366 1183 1543 1238 fefellit
1579 1183 1697 1223 hosce
1727 1183 1774 1223 id
1803 1183 2032 1224 struere?
2061 1209 2113 1214 —-
2144 1183 2274 1226 Haut.
2305 1174 2404 1226 669:
2449 1184 2495 1225 in

148 1258 375 1306 angustum
406 1252 565 1307 oppido
594 1267 705 1293 nunc
733 1267 850 1292 meae
880 1259 1121 1306 coquntur
1151 1253 1339 1305 copiae.
1391 1276 1426 1280 ——
1480 1251 1613 1292 Andr.
1645 1251 1744 1293 670:
1792 1251 1871 1292 hac
1899 1267 1982 1292 non
2011 1253 2261 1305 successit,
2292 1252 2383 1292 alia
2414 1252 2494 1293 ad-

147 1318 443 1374 ¹qrediemur
470 1320 553 1361 via.
574 1342 626 1349 —
646 1319 776 1361 Haut.
806 1319 907 1361 494:
930 1325 1152 1373 paratus
1180 1334 1270 1359 sum
1295 1342 1336 1347 —
1362 1319 1511 1360 eodem
1541 1331 1670 1359 sensu
1699 1318 1831 1359 Andr.
1863 1319 1963 1361 719:
1992 1320 2129 1360 virum
2157 1320 2201 1360 in
2233 1320 2376 1375 quovis
2406 1319 2493 1361 loeo

143 1394 402 1441 paratum.
424 1411 478 1418 ——
496 1387 628 1428 Andr.
649 1386 749 1428 227:
779 1402 830 1427 ne
859 1386 1159 1441 imprudentem
1190 1386 1455 1441 opprimat.
1478 1410 1520 1415 —
1548 1385 1639 1426 Iam
1658 1385 1823 1438 reliqua
1851 1387 2057 1428 vocabula
2085 1387 2212 1429 liceat
2240 1387 2494 1441 adferamus,

149 1465 280 1507 quae
325 1456 401 1495 rei
441 1454 687 1495 militaris
729 1454 898 1507 propria
943 1457 1173 1495 mutantur.
1233 1453 1352 1494 Idem
1388 1453 1566 1494 verbum
1602 1452 1926 1508 opprimendi
1960 1454 2173 1507 reperitur
2213 1466 2339 1507 saepe
2374 1453 2494 1495 velut

149 1522 283 1562 Andr.
330 1521 428 1562 1813
487 1522 698 1562 oscitantis
747 1521 973 1575 opprimi.
1034 1545 1085 1549 —
1140 1521 1247 1561 Eun.
1294 1522 1394 1562 607:
1453 1522 1621 1560 Interea
1670 1535 1837 1560 somnus
1891 1522 2097 1574 viryinem
2144 1522 2396 1575 opprimit.
2439 1544 2495 1551 —

150 1587 440 1631 Advorsari
496 1588 603 1631 Hec.
661 1588 764 1630 245:
832 1588 1013 1629 lubidini
1071 1588 1381 1629 adversabor
1458 1613 1498 1617 -—
1562 1587 1822 1629 Prendere
1879 1588 2009 1630 Haut.
2068 1589 2170 1631 509:
2243 1588 2380 1645 Syrus
2437 1596 2495 1630 est

148 1656 488 1713 prendendus.
547 1680 601 1685 —
657 1656 845 1712 Fugere
904 1655 1026 1698 Phor.
1087 1656 1186 1698 763:
1246 1656 1312 1697 Ita
1362 1655 1521 1710 fuqias
1564 1670 1615 1696 ne
1656 1662 1833 1711 praeter
1876 1670 2052 1697 casam.
2112 1679 2162 1685 —
2223 1655 2317 1698 Hoc
2360 1669 2493 1698 unum

149 1724 405 1777 amplissimi
463 1737 568 1764 usus
628 1725 870 1777 exemplum
917 1724 1164 1777 attulimus,
1224 1724 1337 1776 quod
1395 1737 1444 1764 ea
1490 1725 1713 1765 translatio
1757 1724 1968 1777 proverbii
2015 1724 2108 1764 loco
2156 1724 2369 1765 celebrata
2415 1729 2493 1765 cst.

152 1813 206 1821 --
265 1791 540 1832 Adiectivum
588 1790 839 1845 fuqitivus
896 1790 1177 1832 audacissima
1235 1791 1418 1844 legimus
1475 1791 1710 1831 mutatione
1757 1789 1885 1831 Haut.
1932 1789 2030 1832 678:
2087 1790 2302 1831 retraham
2357 1790 2494 1832 hercle

152 1858 265 1900 illud
291 1859 566 1912 fuyitivom
599 1865 814 1913 arqentum
845 1866 994 1899 tamen.
1027 1883 1075 1888 —
1110 1858 1427 1913 Conflictari
1456 1859 1587 1901 Andr.
1619 1859 1691 1900 93:
1730 1859 1802 1913 qui
1829 1873 1918 1898 cum
1947 1859 2128 1912 inqeniis
2159 1859 2495 1912 conflictatur

152 1926 242 1966 eius
283 1926 407 1965 modi.
444 1950 488 1956 --
528 1925 805 1966 Obtrudere
840 1909 971 1967 Andr.
1003 1926 1103 1967 250:
1150 1941 1199 1966 ea
1241 1926 1399 1966 nemini
1441 1925 1650 1966 obtrudi
1684 1931 1834 1979 potest.
1876 1949 1915 1954 —
1951 1925 2231 1979 Depecisci
2271 1939 2356 1968 uno
2400 1928 2494 1968 1000

150 1990 276 2034 Phor.
315 1993 410 2034 166:
454 1993 543 2033 iam
573 1992 825 2048 depecisci
858 1999 987 2032 morte
1017 1993 1154 2046 cupio,
1199 1994 1278 2033 hoc
1319 1993 1492 2046 quidem
1531 1993 1752 2046 eleganter
1792 1992 1965 2033 dictum.
2012 2016 2061 2021 -
2109 1993 2359 2033 Invadere
2387 1993 2492 2035 Hec.

149 2058 252 2100 351:
285 2058 407 2099 dolor
434 2066 608 2112 repente
637 2060 839 2101 invasit.
870 2083 924 2090 —
963 2060 1169 2100 Vincere
1216 2060 1284 2111 (de
1314 2060 1393 2100 hoc
1435 2060 1563 2099 verbo
1603 2059 1701 2099 vide
1731 2070 1840 2110 quae
1882 2072 2010 2111 supra
2052 2059 2240 2101 diximus
2275 2061 2318 2100 in
2357 2064 2492 2100 meta-

149 2126 295 2179 phoriS
325 2138 382 2167 ex
411 2138 463 2167 re
493 2126 769 2167 iudiciaria
798 2126 1018 2180 derivatis)
1047 2125 1156 2168 Eun.
1189 2126 1288 2167 727:
1333 2126 1457 2166 vicit
1485 2126 1637 2167 vinum.
1670 2149 1722 2154 —-
1752 2125 2051 2180 Praeficere
2081 2125 2188 2167 Eun.
2218 2126 2319 2167 541:
2365 2125 2494 2167 Chae-

148 2205 264 2232 ream
298 2193 338 2232 ei
362 2193 429 2232 rei
448 2193 789 2248 prafecimus.
821 2216 874 2223 —
916 2193 1225 2248 Despoliare
1256 2193 1388 2235 Andr.
1422 2192 1521 2234 816:
1563 2193 1702 2248 ipsam
1739 2192 2040 2248 despoliare.
2073 2215 2127 2222 --
2157 2193 2494 2234 Emer-citatus

148 2258 255 2301 Hec.
286 2261 389 2302 467:
436 2276 556 2300 amor
599 2276 663 2301 me
707 2262 765 2301 ad
799 2262 906 2302 hanc
946 2277 1033 2301 rem
1071 2263 1406 2302 exercitatum
1435 2261 1686 2301 reddiderit.
1720 2284 1766 2290 -—
1807 2261 2136 2315 Triumphare
2165 2262 2272 2316 Eun.
2303 2262 2404 2303 394:
2449 2262 2495 2301 id

149 2341 246 2368 vero
277 2327 387 2370 serio
418 2328 698 2385 triumphat
727 2351 783 2359 —-
811 2330 913 2371 item
944 2329 1273 2371 denzunerare
1304 2329 1416 2384 quod
1447 2329 1733 2384 pulcherrima
1761 2329 2039 2372 translatione
2070 2329 2231 2372 dictum
2260 2331 2497 2384 reperimus

148 2395 201 2436 de
243 2401 407 2438 amatae
446 2397 627 2438 ancillis.
658 2419 714 2426 -
742 2396 873 2438 Haut.
903 2398 1002 2439 300:
1052 2397 1436 2438 demunerarier
1467 2396 1647 2437 ancillas
1669 2397 1875 2452 primuni,
1924 2396 1984 2438 ad
2023 2397 2215 2439 dominas
2251 2398 2322 2454 qui
2351 2397 2496 2451 adfec-

148 2470 241 2504 tant
270 2465 394 2505 viam.
427 2489 477 2494 —-
508 2464 791 2519 Accinqere
821 2466 953 2506 semel
981 2465 1088 2507 Eun.
1123 2467 1242 2508 1060.
2030 2466 2035 2472 ⁸

352 2531 421 2573 Ab
453 2544 543 2573 usu
575 2544 828 2573 armorum
859 2533 937 2573 hae
968 2534 1237 2586 metaphorae
1267 2537 1461 2586 sumptae
1498 2536 1598 2573 sunt
1626 2532 1754 2573 Haut.
1775 2532 1875 2573 513:
1906 2532 2220 2573 intendenda
2248 2532 2292 2572 in
2322 2538 2496 2573 senemst

147 2595 348 2649 fallacia.
398 2622 451 2627 —
494 2598 627 2641 Andr.
677 2598 772 2641 125:
811 2600 1068 2654 percussit
1110 2599 1208 2641 ilico
1252 2600 1436 2641 animum
1480 2598 1604 2641 Phor.
1641 2599 1744 2642 213:
1789 2614 1840 2640 ne
1885 2605 1923 2640 te
1966 2600 2104 2641 iratus
2143 2599 2229 2641 suis
2270 2599 2496 2641 saevidicis

149 2664 309 2704 dictis
335 2665 572 2719 protelet.
632 2665 792 2706 Eadem
827 2667 956 2706 verba
995 2667 1077 2707 alia
1113 2669 1300 2721 imagine
1340 2680 1438 2708 cum
1470 2667 1598 2708 armis
1627 2670 1926 2720 comparantur
1955 2666 2080 2707 Phor.
2111 2667 2213 2709 500:
2244 2673 2289 2706 ut
2310 2666 2495 2721 phale·

147 2732 283 2771 ratis
315 2732 467 2773 dictis
497 2733 631 2773 ducas
660 2748 736 2774 me.
770 2757 822 2762 —
854 2733 1175 2774 Praesidium
1204 2736 1269 2775 bis
1299 2739 1517 2787 repertum
1545 2733 1651 2774 Hec.
1685 2735 1782 2775 119:
1806 2733 2133 2787 praesidium
2161 2734 2267 2773 velle
2296 2735 2496 2774 senectuti

147 2812 263 2841 suae.
295 2822 348 2829 —-
380 2798 508 2842 Haut.
528 2801 630 2842 967:
660 2800 729 2841 Ibi
757 2807 857 2841 tuae
886 2800 1089 2841 stultitiae
1118 2816 1282 2856 semper
1310 2802 1389 2841 erit
1410 2801 1744 2854 praesidium.
1766 2824 1818 2830 —
1839 2800 1932 2849 Quo
1961 2801 2054 2842 1000
2086 2806 2196 2852 qnae
2223 2803 2495 2854 metaphorae

149 2878 175 2906 a
203 2865 367 2908 stadio
387 2867 628 2921 circoque
646 2867 863 2910 derivatae
883 2872 996 2922 sunt,
1024 2870 1293 2911 ascribantur
1310 2868 1468 2911 licebit.
1527 2867 1650 2911 Phor.
1670 2867 1770 2911 9643
1803 2868 1863 2909 Hi
1888 2867 2211 2922 gladiatorio
2242 2870 2406 2911 animo
2437 2869 2496 2911 ad

148 2947 213 2973 me
243 2933 467 2987 adfectant
494 2935 623 2990 viam,
668 2948 778 2988 quae
808 2936 1032 2977 translatio
1078 2941 1142 2978 est
1177 2936 1364 2978 dilucida
1407 2949 1547 2990 neque
1587 2948 1673 2977 non
1701 2935 1831 2977 Haut.
1863 2935 1962 2977 672:
2006 2936 2045 2977 εἰ
2087 2936 2183 2977 licet
2225 2951 2288 2977 me
2333 2936 2494 2978 latere

150 3006 278 3040 tecto
309 3000 532 3042 abscedere
563 3006 606 3044 et
635 3015 745 3057 quae
775 3003 934 3057 legitur
961 3004 1041 3046 Ad.
1073 3003 1173 3047 958:
1208 3019 1292 3044 suo
1326 3003 1425 3044 sibi
1452 3003 1629 3058 qladio
1657 3002 1767 3043 hunc
1800 3002 1993 3057 iuqulo.
2023 3026 2080 3032 —
2108 3002 2258 3058 Puqil
2287 3016 2372 3045 uno
2401 3004 2493 3046 loco

149 3069 406 3110 translatum
435 3071 479 3110 in
509 3072 721 3125 virginem
750 3072 879 3111 nimis
909 3084 1095 3112 crassam
1117 3071 1223 3124 Eun.
1244 3072 1345 3113 315:
1378 3070 1429 3111 Si
1459 3078 1583 3126 quast
1611 3070 1795 3110 habitior
1818 3069 1965 3124 paulo,
1988 3085 2055 3123 pu
2064 3070 2213 3125 qilem
2243 3086 2328 3111 esse
2359 3073 2493 3124 aiunt,

150 3133 362 3177 deducunt
392 3137 537 3180 cibum.
569 3162 625 3168 —
653 3136 814 3180 Notum
843 3151 985 3193 neque
1012 3138 1238 3179 obscurum
1268 3139 1381 3192 quod
1410 3139 1611 3192 legimus:
1648 3136 1729 3179 Ad.
1763 3137 1862 3179 860:
1898 3151 2033 3192 prope
2070 3152 2281 3180 eoecurso
2310 3141 2493 3195 spatio.

152 3204 370 3246 Audacior
388 3207 634 3259 metaphora
652 3210 794 3247 exstat
813 3206 920 3248 Eun.
942 3206 1042 3248 640:
1074 3213 1181 3245 certe
1201 3213 1422 3246 eoetrema
1442 3206 1580 3246 linea
1601 3220 1747 3246 amare
1765 3204 1884 3244 haud
1898 3203 1962 3244 nil
1981 3211 2040 3245 est
2058 3206 2084 3246 i.
2105 3218 2141 3247 e.
2157 3206 2310 3261 procul
2335 3221 2492 3250 amare.

355 3272 516 3313 Ultima
544 3274 674 3313 huius
704 3275 875 3327 generis
905 3279 1026 3326 parte
1045 3273 1463 3326 comprehenduntur
1480 3286 1692 3326 perpauca
1709 3273 1927 3325 vocabula,
1957 3285 2065 3325 quac
2084 3276 2252 3327 propria
2270 3276 2330 3315 .in
2361 3275 2494 3316 ludis
