2635 3544
116 336 319 391 bipartito
348 337 456 379 hanc
485 340 650 391 partem
680 336 989 389 investigemus
1034 339 1213 390 oportet.
1272 335 1380 378 Nam
1409 336 1511 391 alia,
1552 339 1720 391 propria
1748 338 1793 378 in
1822 340 1940 379 certa
1967 338 2156 392 corporis
2184 339 2354 382 actione
2382 344 2459 383 aut

116 404 290 447 adfectu
319 408 448 458 certo,
477 404 795 465 transferuntur
823 404 867 444 in
897 404 1024 445 aliam
1053 407 1128 446 aut
1157 405 1346 458 corporis
1375 408 1449 446 aut
1478 405 1608 446 animi
1637 406 1848 447 actionem
1878 405 1968 446 sive
1996 403 2213 447 adfectum
2241 405 2374 448 alium
2403 431 2457 439 -—

116 472 414 526 metaphora
444 473 492 511 in
523 472 632 525 ipso
663 470 815 511 verbo
846 472 1164 523 continetur:
1186 494 1236 500 —
1257 473 1322 513 vis
1352 475 1418 515 est
1441 472 1622 515 aliorum
1648 476 1696 514 ut
1720 472 1919 526 inanima,
1948 483 2046 514 cum
2074 483 2142 514 res
2172 483 2229 514 ex
2255 473 2457 516 universa

114 544 280 593 natura,
310 544 402 581 tum
432 539 617 580 maxime
648 553 704 580 ex
732 543 886 580 natura
909 539 1106 593 humana,
1137 554 1246 592 quae
1265 541 1344 581 sub
1364 554 1514 582 sensus
1533 555 1616 582 non
1636 541 1805 592 cadunt,
1834 539 2051 593 fingantur
2077 543 2260 592 agentia.
2318 539 2457 592 Igitur

112 605 190 649 illa
208 618 258 649 eo
286 605 658 662 grammaticorum
687 617 846 661 genere
876 605 1101 648 referenda
1131 609 1244 661 sunt,
1275 605 1386 660 quod
1417 610 1495 662 est,
1526 619 1624 649 cum
1642 607 1686 650 in
1704 606 1831 650 rebus
1860 605 2113 649 animalibus
2142 604 2259 649 aliud
2275 618 2352 660 pro
2369 604 2454 650 alio

112 677 304 728 ponitur,
349 675 452 714 haec
497 675 617 724 huic,
664 675 705 712 in
751 685 835 724 quo
880 686 954 726 pro
991 675 1119 714 rebus
1157 674 1411 714 animalibus
1456 675 1641 714 inanima
1676 678 1915 715 sumuntur.
1975 674 2084 714 Vide
2121 677 2314 714 veterum
2343 683 2454 725 quae

112 743 283 795 saepius
313 740 592 793 laudavimus,
623 745 864 793 praecepta.
897 764 950 769 —
980 740 1271 794 Metaphora
1300 742 1435 782 inest
1464 743 1513 781 in
1543 742 1755 782 nomine.

312 808 455 860 Atque
484 808 668 861 primum
700 807 795 848 illas
828 808 1147 861 investigemus.
1208 807 1281 849 Sat
1298 807 1458 849 multae
1475 807 1746 860 metaphorae
1766 820 1821 848 ex
1839 807 1980 849 verbis
2011 806 2204 860 edendi,
2235 806 2452 862 bibendi,

110 874 429 916 consumendi
471 879 667 928 sumptae
712 880 830 926 sunt,
876 876 1063 928 exempli
1093 877 1228 928 gratia
1257 874 1364 916 Eun.
1394 874 1498 916 235:
1542 874 1758 928 hominem,
1787 875 1942 929 patria
1977 875 2052 930 qui
2081 874 2454 930 abliyurrierat

107 941 230 981 bona.
290 942 448 982 Confer
478 947 687 981 nostrum:
722 942 1004 995 „nerptaffenf‘
1038 966 1089 971 —
1118 942 1282 982 Phorm.
1314 940 1414 981 318:
1452 941 1554 980 Tute
1582 941 1657 982 hoc
1686 942 1904 995 intristi,
1935 941 2031 982 tibi
2059 948 2215 983 omnent
2245 941 2451 982 eoeede‘n-

108 1007 239 1060 dum,
282 1008 528 1063 adciuqere,
572 1022 682 1061 quae
723 1010 946 1051 translatio
976 1009 1319 1061 frequentissima
1348 1008 1559 1062 proverbii
1588 1008 1683 1050 loco
1713 1008 1927 1050 celebrata
1956 1012 2032 1051 est.
2065 1032 2112 1039 —
2147 1007 2452 1063 Pauperrimus

106 1076 231 1117 homo
262 1077 376 1117 hunc
407 1077 448 1117 in
480 1077 652 1118 modum
677 1077 933 1118 describitur
950 1077 1058 1118 Eun.
1078 1077 1176 1118 939:
1212 1074 1302 1123 Quo
1328 1081 1455 1130 pacto
1486 1089 1539 1116 em
1568 1074 1663 1116 iure
1692 1075 1882 1116 hesterno
1904 1090 2064 1131 panem
2095 1081 2236 1117 atrum
2264 1083 2450 1118 vorent.

104 1165 161 1174 -
179 1144 444 1186 Audaciores
473 1144 674 1185 videntur
702 1143 820 1186 Haut
861 1145 962 1185 462:
1009 1142 1124 1191 Quid
1153 1150 1190 1183 te
1217 1142 1414 1194 s'utmum
1443 1157 1595 1197 censes,
1636 1157 1755 1198 quem
1785 1143 1968 1184 adsidue
1998 1158 2091 1184 ecce
2104 1144 2134 1184 d
2143 1143 2257 1185 ent?
2284 1168 2337 1175 —
2367 1145 2448 1187 Ad.

104 1211 208 1253 220:
238 1212 475 1251 inescare
504 1212 639 1251 nescis
668 1212 863 1264 homines,
894 1224 1146 1263 quamquam
1179 1225 1227 1252 ca
1245 1211 1326 1251 alio
1346 1223 1516 1262 quoque
1535 1211 1627 1252 loco
1646 1206 1887 1252 enumerari
1905 1215 2059 1266 potest.
2079 1233 2132 1241 —
2152 1212 2451 1253 Audacissima

105 1290 232 1331 quam
263 1278 447 1333 legimus
478 1277 584 1319 Eun.
622 1277 744 1319 1087:
796 1277 916 1317 Hunc
947 1277 1293 1318 comedendum
1324 1283 1362 1317 et
1394 1276 1689 1319 ebibendum
1717 1277 1833 1320 vobis
1854 1278 2088 1334 propino.
2147 1277 2252 1320 Eam
2280 1278 2443 1334 duram,

107 1348 131 1389 i.
163 1359 199 1388 e.
229 1360 254 1388 a
284 1347 515 1401 longinqua
547 1346 826 1387 similitudine
856 1346 1010 1386 dictam
1042 1347 1335 1386 existimamus
1366 1358 1461 1387 esse
1491 1345 1576 1399 (vd.
1608 1344 1785 1395 Quintil.
1814 1345 1919 1389 Inst.
1953 1345 2115 1388 Orator.
2149 1345 2270 1388 VIII.
2290 1346 2330 1401 6,
2363 1345 2444 1401 17),

103 1426 203 1455 nam
232 1415 448 1456 hominem
478 1413 699 1455 comedere
742 1418 785 1453 et
821 1413 1009 1464 ebibere,
1054 1414 1245 1464 quamvis
1284 1412 1425 1453 audax
1456 1414 1530 1465 sit,
1575 1413 1679 1454 ferri
1707 1416 1866 1466 potest,
1913 1417 1957 1454 at
1986 1414 2200 1454 hominem
2229 1417 2447 1465 tamquam

102 1481 307 1537 poculum
351 1482 595 1537 propinare,
638 1492 687 1522 ea
732 1479 901 1522 modum
936 1479 1105 1522 videtur
1140 1493 1310 1535 egressa
1354 1493 1449 1523 esse
1492 1479 1725 1523 translatio.
1785 1479 1983 1523 Fortasse
2027 1480 2067 1523 ei
2109 1481 2380 1535 metaphorae
2421 1496 2446 1524 a

102 1547 355 1591 Muetzellio
390 1549 605 1589 abusionis
642 1560 794 1588 nomen
839 1547 980 1598 datur,
1029 1551 1144 1588 ceite
1190 1548 1296 1588 hanc
1340 1560 1436 1588 non
1482 1548 1590 1588 sine
1635 1547 1846 1600 quadam
1890 1548 2105 1589 licentia
2148 1547 2304 1589 dictam
2348 1560 2444 1590 esse

102 1620 299 1669 apertum
329 1620 406 1657 est.
438 1640 490 1644 —-
523 1614 825 1656 Consumere.
885 1615 1017 1655 Andr.
1053 1615 1149 1657 160:
1180 1616 1218 1655 si
1248 1614 1353 1669 quid
1383 1614 1534 1655 consili
1560 1613 1695 1668 habet,
1725 1621 1772 1655 ut
1802 1622 2062 1656 consumat
2089 1630 2284 1657 nunc.-
2313 1616 2443 1659 Haut.

102 1681 178 1723 73:
214 1681 339 1730 Quod
368 1696 522 1737 operae
553 1681 799 1722 consumis
829 1687 940 1722 tuae.
1001 1680 1138 1722 Simili
1158 1694 1288 1723 sensu
1308 1680 1578 1723 absumere.
1640 1680 1762 1723 Phor.
1783 1681 1883 1724 340:
1913 1681 1988 1723 ille
2017 1688 2056 1722 et
2085 1697 2191 1722 cura
2220 1688 2259 1722 et
2276 1689 2445 1737 sumptu

102 1748 398 1789 absumitur.
445 1773 491 1778 —
543 1748 844 1789 Percommode
874 1749 1026 1788 deinde
1056 1753 1121 1788 sat
1151 1750 1311 1789 multae
1342 1750 1612 1801 metaphorae
1643 1748 1859 1789 ducuntur
1887 1762 1912 1789 a
1941 1750 2154 1789 sententia
2181 1749 2444 1789 satietatis

99 1817 221 1857 velut
243 1816 373 1857 Haut.
402 1816 500 1856 869:
531 1816 653 1855 istius
683 1815 1061 1855 obsaturabere.
1095 1839 1148 1844 —
1177 1815 1282 1855 Hec.
1313 1815 1414 1856 594:
1462 1816 1681 1855 satietas
1709 1816 1797 1855 iam
1827 1822 1960 1855 tenet
1988 1816 2224 1856 studiorum
2252 1817 2442 1856 istorum.

97 1907 155 1914 ——
198 1881 321 1926 Phor.
353 1881 451 1924 834:
497 1898 577 1937 quo
614 1888 741 1936 pacto
777 1882 1067 1923 satietatem
1097 1882 1254 1923 amoris
1285 1882 1347 1923 ait
1375 1898 1418 1922 se
1447 1881 1553 1923 velle
1585 1881 1869 1923 absumere?
1912 1907 1960 1913 —
2004 1883 2083 1924 Ad.
2115 1882 2213 1924 765:
2259 1884 2443 1924 omnium

96 1963 241 1990 rerum
269 1956 426 1990 satur.
456 1972 511 1978 —
540 1948 700 1990 Eodem
731 1962 859 1991 sensu
890 1948 1055 1990 lassus
1085 1948 1190 1990 Hec.
1222 1949 1322 1991 238:
1363 1948 1551 1990 lassam
1582 1948 1752 2005 oppido.
1785 1972 1838 1978 -
1869 1948 1979 1992 Item
2009 1950 2054 1991 in
2082 1949 2274 1992 homines
2303 1953 2441 1993 trans-

95 2018 233 2059 latum
263 2023 332 2060 est
357 2018 610 2059 vocabulum
640 2017 747 2058 Eun.
779 2017 880 2057 403:
912 2031 1002 2056 eum
1033 2017 1254 2057 satietas
1280 2017 1490 2057 hominnm
1522 2022 1739 2072 ceperat.
1771 2040 1823 2045 —
1858 2016 1995 2057 Simili
2024 2016 2147 2058 modo
2178 2015 2441 2059 abundare

94 2085 220 2127 Phor.
256 2087 351 2127 163:
383 2099 525 2126 amore
556 2085 801 2126 abundas.
832 2110 885 2115 —
917 2086 1024 2126 Eun.
1056 2086 1155 2127 972:
1203 2099 1333 2139 neque
1379 2086 1476 2138 agri
1520 2099 1651 2138 neque
1687 2084 1804 2125 urbis
1833 2084 1999 2124 odium
2027 2099 2090 2125 me
2120 2099 2307 2139 unquam
2331 2099 2442 2140 per-

94 2151 232 2209 cipit.
277 2177 330 2182 —·
372 2152 640 2196 Contrarium
683 2156 826 2195 autem
860 2153 937 2195 Ad.
968 2153 1069 2195 442:
1113 2153 1230 2195 illius
1265 2152 1381 2195 modi
1416 2153 1568 2205 civium
1593 2152 1883 2207 penuria-st.
1929 2176 1983 2183 —
2026 2151 2284 2208 Sapiendi
2322 2153 2442 2195 verbi

89 2220 344 2274 significatio
378 2222 481 2261 item
509 2224 673 2261 mutata
701 2219 749 2260 fit
780 2221 1027 2273 metaphora
1056 2220 1164 2263 Eun.
1198 2221 1297 2261 791:
1345 2221 1533 2275 quantist
1561 2234 1757 2275 sapere.
1790 2242 1838 2249 —
1870 2218 1999 2261 Haut.
2030 2220 2129 2261 323:
2168 2219 2287 2260 haud
2314 2219 2441 2261 stulte

89 2288 242 2341 sapis.
277 2312 323 2318 —
356 2287 487 2329 Haut.
519 2287 619 2328 923:
649 2288 764 2338 foris
794 2304 989 2342 sapere,
1021 2289 1204 2340 aliaque.
1264 2289 1330 2328 Ad
1361 2302 1465 2340 quas
1496 2289 1691 2341 proxime
1720 2288 1885 2328 accedit
1910 2286 2149 2327 subolere
2178 2287 2308 2328 Haut.
2336 2287 2440 2329 899:

90 2361 137 2395 ut
166 2370 216 2395 ne
245 2354 452 2396 subolat
484 2369 569 2395 esse
605 2356 785 2395 amicam
815 2355 923 2395 hanc
954 2354 1131 2395 (tiniae.
1192 2354 1310 2395 Idem
1342 2354 1465 2395 Phor.
1483 2354 1584 2395 474:
1616 2353 1837 2410 Numquid
1865 2352 2068 2394 subolet
2091 2353 2241 2410 patri?
2296 2353 2440 2395 Huius

91 2423 210 2464 verbi
240 2425 452 2465 sententia
481 2424 680 2476 congruit
710 2435 807 2464 cum
838 2427 982 2464 nostro
1014 2422 1207 2474 „riechcn”
1241 2423 1282 2464 iu
1313 2420 1800 2474 „Zentassogentiedjeteiss‘
1851 2444 1896 2451 —
1947 2420 2043 2463 Uno
2074 2421 2167 2463 loco
2196 2422 2438 2474 reperimus

91 2489 240 2531 eodem
270 2504 398 2532 sensu
428 2489 662 2546 olfacere
693 2490 774 2532 Ad.
805 2490 901 2545 396,
935 2490 979 2531 7:
1026 2489 1112 2530 Aut
1141 2505 1224 2530 non
1254 2504 1327 2530 sea:
1359 2490 1454 2530 totis
1483 2488 1690 2531 mensibus
1713 2489 1840 2545 prius
1870 2488 2179 2545 olfecissem,
2209 2503 2336 2545 quam
2363 2488 2438 2531 ille

92 2557 315 2612 quicquam
334 2557 625 2612 coeperet?—
642 2556 888 2598 Permultae
904 2557 1013 2597 aliae
1030 2559 1218 2611 corporis
1247 2558 1436 2597 actiones
1467 2557 1755 2612 metaphorice
1784 2556 2039 2598 adhibentur
2054 2557 2185 2598 ‘velut
2214 2570 2438 2598 evomere

90 2623 195 2665 Hec.
216 2624 314 2664 515:
345 2625 389 2664 in
417 2639 507 2665 eam
526 2625 601 2665 hoc
621 2638 738 2664 omne
758 2638 886 2664 evom
900 2629 972 2674 at;
1006 2624 1084 2664 Ad.
1105 2624 1205 2664 312:
1225 2630 1271 2663 ut
1292 2624 1401 2663 iram
1419 2624 1527 2663 hanc
1545 2623 1590 2663 in
1610 2638 1677 2664 eos
1696 2638 1907 2663 evomam
1926 2638 2096 2664 omnem.
2155 2623 2235 2664 Ad.
2255 2622 2359 2664 510:
2391 2629 2438 2662 ut

88 2689 135 2731 in
154 2703 247 2731 eum
276 2690 376 2732 baec
406 2706 636 2733 evomam.
656 2715 710 2721 -
732 2691 939 2733 Similiter
970 2705 1187 2747 sapuere
1207 2690 1312 2734 Eun.
1331 2691 1432 2734 406:
1465 2691 1589 2747 quasi
1617 2690 1690 2732 ubi
1718 2690 1840 2733 illam
1871 2697 2119 2747 eoepueret
2148 2690 2364 2732 miseriam
2383 2705 2437 2732 eoe

89 2758 246 2799 animo.
304 2758 466 2801 Deinde
497 2760 688 2813 lai-are.
721 2774 1016 2814 expurqare
1045 2759 1168 2802 Phor.
1190 2760 1290 2801 973:
1321 2759 1681 2800 venias-lautum
1703 2765 1928 2814 peccatum
1948 2758 2162 2801 tuom12—
2180 2759 2313 2800 Andr.
2333 2759 2434 2801 900:

87 2827 178 2867 sine
208 2842 272 2867 me
303 2843 583 2883 eoepurqem.
630 2853 684 2859 -
729 2827 837 2869 Tum
868 2843 1126 2882 emunqere
1158 2827 1280 2870 Phor.
1313 2826 1416 2869 682:
1463 2828 1664 2869 emunoei
1704 2834 1878 2882 arqento
1914 2843 2033 2869 senes
2074 2840 2183 2879 quae
2212 2826 2436 2868 translatio

88 2893 260 2936 sordida
289 2894 365 2936 hoc
395 2895 486 2938 loco
516 2898 673 2951 optime
703 2897 747 2938 in
777 2908 949 2938 servum
980 2895 1105 2939 cadit.
1140 2919 1188 2925 -
1220 2893 1421 2936 Sudare
1458 2893 1581 2939 Phor.
1613 2895 1712 2938 628:
1758 2894 1856 2936 heia
1885 2893 2101 2937 sudabis
2130 2893 2257 2948 satis;
2299 2896 2436 2935 meta-

87 2962 220 3014 phora
258 2967 323 3002 est
366 2964 641 3004 usitatissima
686 2976 826 3017 neque
869 2976 954 3004 non
984 2964 1064 3003 Ad.
1096 2963 1199 3004 533:
1245 2976 1408 3002 sensum.
1440 2962 1616 3018 pulchre
1646 2963 1824 3003 calleo.
1869 2985 1925 2993 -
1969 2963 2244 3003 Adiectivum
2273 2961 2325 3001 ab
2354 2961 2436 3001 hoc

86 3028 217 3069 verbo
259 3035 475 3082 sumptum
517 3044 642 3083 saepe
678 3033 892 3085 reperitur
924 3031 1037 3084 apud
1073 3030 1321 3071 Terentium
1357 3030 1475 3070 velut
1506 3031 1635 3071 Andr.
1669 3030 1767 3072 198:
1815 3045 1942 3085 quam
1984 3030 2043 3070 sis
2086 3028 2337 3068 callidus.
2381 3050 2437 3057 —

86 3095 337 3150 Effutire
367 3098 392 3138 i.
424 3110 458 3138 e.
491 3110 562 3139 ore
592 3098 809 3140 effundere
839 3097 964 3140 Phor.
983 3098 1077 3151 745,
1097 3099 1141 3140 6:
1174 3097 1240 3139 Ne
1276 3111 1345 3138 vos
1365 3096 1487 3151 forte
1505 3096 1628 3152 foris
1660 3096 1978 3152 effutiretis.
2008 3118 2063 3126 -—-
2091 3094 2231 3137 Homo
2260 3093 2436 3136 humilis

86 3169 216 3216 atque
260 3163 371 3204 male
408 3170 596 3206 moratus
632 3165 898 3219 significatur
925 3166 1033 3208 Eun.
1071 3166 1194 3208 1079:
1239 3166 1409 3207 stertit
1452 3171 1591 3207 noctes
1637 3172 1676 3206 et
1721 3165 1823 3207 dies.
1872 3187 1922 3194 —
1968 3163 2292 3206 Stomachari
2331 3163 2359 3203 i.
2399 3172 2436 3202 e.

86 3230 265 3272 moleste
285 3230 411 3283 ferre,
442 3230 546 3273 Eun.
568 3232 666 3273 323:
698 3232 745 3272 icl
775 3248 928 3273 mecum
959 3232 1316 3275 stomachabar
1346 3231 1479 3274 modo.
1502 3257 1547 3262 —
1570 3232 1691 3276 Idem
1717 3230 1986 3288 significatur
2013 3245 2108 3274 raro
2136 3230 2267 3273 verbo
2294 3226 2436 3283 rinqi

85 3297 211 3338 Phor.
242 3298 343 3338 341:
388 3297 639 3352 Ite'nqe'tur.
685 3301 709 3340 i.
753 3312 788 3341 e.
828 3305 1064 3342 succenset.
1126 3299 1302 3354 Propria
1338 3299 1592 3355 significatio
1628 3303 1713 3341 est:
1760 3298 1904 3340 dentes
1933 3303 2143 3340 ostentare
2173 3298 2261 3338 irae
2291 3307 2433 3337 causa.
