2635 3544
1301 171 1351 213 13

157 306 416 346 instructa
443 303 617 358 pulchre
647 304 707 345 ad
727 304 964 359 perniciem
991 305 1082 345 siet.
1112 327 1167 334 —
1195 304 1430 345 Invenire
1458 303 1582 346 Phor.
1613 303 1715 346 540:
1749 302 1989 343 invenias
2025 307 2260 359 arpentum,
2294 302 2500 344 audacter

158 371 344 425 quidem.
374 394 429 401 -
459 368 723 413 Conterere
762 370 868 414 Hec.
907 369 1010 414 8153
1057 371 1264 413 cursando
1296 395 1347 401 —
1379 377 1507 413 totum
1549 370 1659 412 hunc
1701 369 1923 412 contrivi
1963 368 2087 412 diem.
2127 391 2176 400 -
2222 367 2347 411 Phor.
2394 368 2496 413 2093

151 437 279 486 ‘Quid
320 438 388 478 hic
422 428 723 496 conterimus
758 452 931 492 operam
954 436 1163 492 frustra?
1191 461 1244 466 —
1280 438 1360 480 Ad.
1403 438 1505 481 869:
1550 438 1770 478 contrivi
1814 438 1859 478 in
1902 435 2151 493 quaerundo
2195 436 2327 477 vita-m
2369 442 2497 493 atque

87 501 89 503 ¹
158 511 340 559 aetatem
365 520 512 548 meam.
543 530 598 536 —
626 504 774 560 Ipsum
809 505 939 546 artis
975 506 1229 547 vocabulum
1255 505 1386 548 Haut.
1416 505 1516 549 226:
1560 506 1697 547 artis
1723 506 1923 561 iqnaram
1961 504 2300 547 meretriciae.
2333 528 2383 534 —
2413 504 2495 547 Ad.

157 572 263 616 259:
285 572 532 627 primarum
560 575 746 614 artium
773 573 910 628 maqis
929 573 1183 628 principem.
1219 598 1262 603 -
1302 573 1520 615 Techina
1547 573 1678 616 Haut.
1708 573 1810 617 470:
1840 572 1950 624 falli
1977 580 2015 614 te
2044 572 2164 615 sinas
2193 571 2420 614 techinis.
2442 595 2497 601 —

156 640 266 682 Eun.
296 640 397 684 718:
439 640 716 683 Parmenonis
759 642 845 682 scio
890 655 975 682 esse
1003 641 1111 682 hanc
1140 641 1355 684 techinam.
1398 665 1454 671 —
1497 641 1764 695 E'aetortor,
1810 648 2070 683 contortor
2106 644 2341 692 utrumque
2370 638 2495 681 Phor.

156 707 257 751 374:
289 706 517 749 Bonorum
533 715 729 762 eaetorton
761 708 899 763 leyum
929 715 1145 751 contortor.
1203 708 1297 751 Hoc
1325 708 1439 750 idem
1469 712 1535 751 est
1563 708 1677 761 quod
1705 722 1783 751 nos
1811 709 1993 751 dicimus
2023 706 2425 762 „ffled>t6uetbtebet¹¹.

356 774 424 817 Ex
464 776 666 819 artibus
705 779 929 831 postquam
968 787 1077 830 quae
1117 776 1387 831 metaphorae
1427 779 1692 830 assumptae
1712 779 1830 831 811111,
1872 776 2186 831 intelleximus,
2227 778 2498 817 transeamus

155 842 209 882 ad
236 843 346 883 hanc
374 844 502 884 huius
545 845 717 898 generis
758 848 936 898 partem,
980 857 1064 897 qua
1092 844 1145 885 de
1172 844 1391 884 vocabulis
1420 843 1634 896 agendum
1677 847 1743 884 est
1785 845 1838 883 111
1871 844 1993 884 aliis
2028 844 2288 884 honimum
2317 840 2497 882 condi-

156 909 391 950 cionibus
436 911 637 964 propriis,
685 911 805 952 velut
852 912 897 951 in
943 911 1282 965 agricultura.
1327 933 1383 940 —
1424 908 1654 951 Nonnullis
1701 910 1807 950 locis
1851 922 2072 951 servorum
2116 908 2350 951 multitudo
2397 920 2495 948 cum

157 976 388 1018 bestiarum
434 990 586 1032 grege
622 976 911 1031 comparatur.
971 977 1093 1019 Unde
1122 977 1376 1020 vocabulum
1401 988 1526 1032 yreoe
1556 980 1768 1018 mutatum
1812 980 1856 1018 et
1897 976 2076 1018 verbum
2119 990 2364 1031 seyreqar
2374 989 2408 1017 e.
2439 996 2497 1005 -

154 1041 262 1087 Eun.
297 1043 423 1088 1084:
468 1039 553 1087 Oro
597 1051 644 1086 ut
677 1059 741 1086 me
784 1045 830 1086 in
873 1051 1054 1086 vestrum
1088 1060 1206 1101 qrey
1217 1060 1283 1086 em
1317 1045 1546 1101 recipiatis.
1582 1068 1631 1074 -
1661 1043 1762 1087 Alia
1801 1045 1913 1088 loca:
1956 1044 2086 1088 Haut.
2122 1044 2190 1099 45,
2232 1043 2365 1087 Haut
2394 1042 2493 1096 245,

155 1110 279 1153 Phor.
309 1111 375 1166 32,
419 1112 497 1154 Ad.
528 1113 623 1155 362.
661 1136 706 1142 —
738 1111 1021 1169 Seqreyare
1051 1113 1181 1155 Andr.
1213 1112 1317 1156 2913
1357 1127 1409 1154 ne
1441 1112 1515 1153 abs
1548 1119 1586 1153 te
1620 1112 1729 1153 hanc
1762 1125 2014 1168 seqreqes.
2045 1135 2098 1142 —
2128 1111 2234 1154 Hoc.
2269 1110 2376 1155 480:
2416 1124 2494 1152 se-

152 1180 416 1235 qreyanda
446 1187 522 1221 aut
550 1188 685 1221 mater
715 1197 743 1222 a
771 1196 834 1222 me
866 1188 925 1222 est
955 1188 1028 1222 aut
1056 1181 1317 1223 Philumena.
1377 1180 1428 1221 In
1457 1181 1550 1234 ipso
1579 1179 1890 1235 seqreqandi
1917 1180 2047 1222 verbo
2065 1181 2199 1235 igitur
2226 1181 2293 1221 vis
2316 1177 2492 1220 humilis

154 1260 239 1289 non
267 1249 392 1289 inest.
421 1273 475 1279 —
507 1248 739 1290 Crescere
770 1248 894 1291 Phor.
926 1249 1025 1291 781:
1063 1248 1224 1303 plaqae
1255 1254 1496 1290 crescunt.
1527 1271 1582 1277 —
1615 1248 1743 1289 Haut.
1772 1248 1846 1290 28:
1891 1247 1990 1288 date
2021 1247 2285 1289 crescendi
2313 1246 2493 1302 copiam.

153 1337 209 1345 --
237 1314 368 1357 Andr.
400 1317 501 1360 540:
546 1332 618 1359 oro
646 1332 732 1371 per
766 1317 1008 1370 amicitiam,
1057 1331 1165 1371 quae
1200 1332 1227 1357 a
1256 1317 1412 1371 parvis
1455 1315 1703 1358 adcrevit.
1732 1339 1787 1346 —
1816 1315 1973 1357 Alere
2014 1316 2146 1358 Andr.
2175 1316 2276 1359 250:
2323 1313 2494 1370 aliquid

152 1383 328 1423 monstri
356 1383 514 1425 alunt.
544 1408 600 1413 —-
629 1384 848 1425 Pascere
877 1383 1001 1425 Phor.
1034 1382 1106 1426 85:
1142 1384 1283 1424 oculos
1304 1397 1541 1437 pascere,
1586 1396 1695 1436 quae
1732 1383 1979 1436 metaphora
2007 1384 2053 1423 in
2083 1386 2272 1424 nostram
2300 1382 2494 1435 linguam

152 1449 268 1503 abiit,
313 1463 411 1491 cum
449 1450 630 1493 dicimus
658 1450 972 1506 „21ugenmeibe¹¹.
1002 1475 1055 1480 —
1084 1450 1376 1492 Perdurare
1406 1450 1513 1492 Hec.
1544 1450 1647 1494 2693
1688 1449 1787 1491 Non
1823 1465 1947 1504 posse
1990 1465 2034 1491 se
2073 1448 2367 1504 perdurare
2396 1449 2422 1491 i.
2454 1460 2492 1490 e.

152 1516 339 1568 aliquem
382 1518 582 1571 perferre.
628 1542 681 1549 —
725 1519 985 1559 Maturare
1020 1517 1151 1561 Andr.
1192 1518 1293 1561 517:
1339 1519 1514 1572 nuptias
1555 1524 1600 1557 ut
1644 1524 1896 1558 maturem.
1968 1516 2088 1558 Idem
2130 1516 2260 1558 Haut.
2304 1515 2401 1558 496.
2438 1538 2492 1545 -

151 1583 459 1625 Praecidere
489 1584 593 1628 Hec.
622 1586 727 1628 598:
760 1587 891 1627 omnis
920 1600 1074 1626 causas
1095 1585 1398 1639 praecidam
1431 1584 1631 1626 omnibus.
1664 1609 1717 1614 —
1748 1585 2041 1639 Eoecerpere
2070 1583 2193 1625 Phor.
2214 1582 2319 1625 6983
2355 1582 2416 1622 Tu
2445 1581 2494 1622 id

154 1650 267 1706 quod
296 1650 449 1703 bonist,
494 1654 737 1709 eaecerpis.
772 1678 818 1682 —-
862 1652 1139 1694 Stimulare
1169 1653 1299 1694 Haut.
1329 1653 1428 1694 223:
1473 1667 1536 1694 me
1568 1653 1731 1693 amicae
1762 1652 1879 1693 dicta
1908 1651 2191 1693 stimulant.
2224 1674 2277 1680 ——
2308 1649 2493 1690 Eradi-

152 1733 270 1759 care
300 1720 513 1773 reperitur
540 1722 585 1761 in
613 1722 816 1762 conviciis
845 1720 977 1762 Andr.
997 1720 1096 1762 701:
1128 1720 1190 1760 Di
1218 1726 1256 1760 te
1287 1720 1560 1773 eradicent,
1592 1720 1702 1761 idem
1733 1719 1863 1762 Haut.
1894 1718 1992 1761 589.
2020 1742 2065 1748 -
2097 1718 2345 1759 Fructum
2362 1717 2493 1772 serre

151 1785 231 1827 Ad.
251 1785 352 1829 570:
382 1786 458 1827 hoc
474 1785 773 1842 fructifero
804 1787 958 1829 odium.
979 1787 1304 1828 —Derivare
1325 1786 1447 1829 Phor.
1469 1787 1571 1830 323:
1601 1787 1653 1827 In
1681 1803 1744 1828 me
1774 1802 1935 1828 omnem
1962 1786 2073 1827 iram
2104 1785 2328 1827 derivem
2355 1782 2494 1826 senis?

151 1877 206 1883 —-
233 1853 525 1910 Adiunyere
557 1855 688 1898 Andr.
715 1855 788 1897 56.
820 1862 863 1895 ut
893 1855 1077 1896 animum
1107 1854 1167 1895 ad
1196 1854 1371 1911 aliquod
1399 1854 1700 1910 adiunyant.
1761 1855 1901 1933 Simili
1931 1854 2055 1896 modo
2084 1853 2166 1895 Ad.
2199 1853 2265 1907 72,
2295 1852 2363 1907 67,
2392 1851 2490 1895 927.

150 1920 390 1974 Adfinem
418 1936 503 1963 esse
532 1922 662 1965 Haut.
692 1923 794 1964 215.
840 1923 989 1977 Neque
1030 1921 1205 1963 illarum
1240 1922 1453 1977 adfines
1494 1937 1600 1963 esse
1636 1937 1788 1964 rerum.
1835 1945 1891 1952 —
1933 1921 2176 1962 Rastrum
2220 1933 2320 1962 cum
2362 1920 2494 1962 verbo

150 1991 424 2030 coniunctum
454 1991 588 2031 semel
616 1990 747 2031 Haut.
777 1991 878 2031 931:
924 1989 984 2030 ad
1023 1996 1220 2030 rastros
1258 2004 1338 2030 res
1378 1990 1520 2029 redit
1559 1992 1586 2032 i.
1623 2003 1658 2031 e.
1696 1991 1904 2030 diminuta
1945 1994 2023 2030 est.
2068 2012 2122 2018 --
2168 1988 2494 2029 Adiectivorum

149 2056 369 2096 nominum
399 2060 442 2097 et
470 2057 791 2111 participiorum
819 2057 1026 2098 nonnulla
1054 2061 1225 2098 exstant
1262 2057 1458 2110 exempla
1486 2057 1606 2098 velut
1634 2056 1865 2097 Attentus
1895 2055 2028 2096 Andr.
2058 2055 2203 2105 303f4:
2255 2055 2419 2095 animus
2448 2055 2496 2095 in

148 2136 222 2176 spe
253 2129 376 2179 atque
406 2123 451 2164 in
480 2124 625 2165 timore
655 2129 887 2164 attentus.
932 2148 985 2154 -—
1033 2122 1140 2165 Tum
1171 2123 1352 2165 aridus
1380 2123 1508 2167 Haut.
1539 2123 1640 2165 526:
1685 2123 1760 2164 sed
1789 2122 1911 2163 habet
1934 2129 2105 2177 patrem
2135 2121 2353 2175 aridum,
2397 2123 2424 2163 i.
2456 2135 2492 2164 e.

148 2202 334 2232 avarum.
383 2214 429 2220 —
482 2190 683 2232 Obsitus
709 2190 818 2232 Eun.
847 2190 948 2232 2363
985 2191 1145 2245 pannis
1175 2191 1378 2246 annisque
1408 2190 1631 2245 obsitum,
1675 2190 1788 2231 idem
1817 2189 1946 2231 Haut.
1976 2189 2072 2231 294.
2105 2213 2154 2220 -
2202 2188 2496 2229 Mansuetus

148 2258 279 2300 Andr.
316 2259 413 2300 114:
444 2259 788 2313 mansuetique
819 2259 963 2298 animi.
999 2281 1044 2287 -
1080 2257 1325 2298 Delirans
1353 2259 1434 2299 Ad.
1465 2259 1564 2299 7613
1609 2273 1737 2298 senem
1773 2257 2018 2298 delirans.
2079 2257 2130 2297 Id
2158 2257 2338 2298 verbum
2368 2269 2497 2312 saepe

148 2326 352 2367 usitatum
381 2327 507 2368 habet
536 2327 754 2379 proprium
782 2326 924 2367 locum
953 2326 998 2365 in
1027 2329 1181 2378 aratro,
1212 2325 1325 2377 quod
1353 2339 1378 2366 a
1408 2325 1528 2367 sulco
1556 2326 1756 2366 abscedit.
1773 2349 1827 2356 —
1851 2324 1967 2374 Quas
1997 2325 2269 2379 metaphoras
2298 2325 2352 2366 ab
2381 2326 2496 2379 agri-

148 2392 316 2433 cultura
344 2392 556 2434 derivatas
584 2393 940 2446 enumeravimus,
971 2404 1119 2433 earum
1146 2392 1373 2433 nonnullas
1404 2396 1448 2433 et
1477 2404 1586 2445 quae
1615 2393 1660 2432 in
1688 2393 1830 2434 verbis
1859 2394 2010 2434 insunt
2037 2396 2082 2433 et
2111 2403 2222 2444 quae
2251 2391 2497 2434 nominibus

148 2460 434 2513 continentur,
465 2462 593 2501 etiam
620 2460 704 2500 'alio
734 2460 826 2500 loco
855 2459 1007 2499 referri
1035 2471 1160 2510 posse
1188 2471 1274 2499 non
1302 2460 1614 2513 negaverimus,
1647 2460 1721 2500 ubi
1749 2459 1958 2500 vocabula
1983 2458 2284 2512 investiganda
2301 2461 2404 2499 sunt
2421 2461 2498 2499 aut

148 2525 429 2567 bestiarum
458 2527 597 2582 (velut
617 2528 815 2580 pascere)
845 2529 919 2566 aut
947 2537 1116 2566 rerum
1145 2526 1487 2567 inanimatum
1514 2527 1683 2580 propria
1713 2526 1849 2578 (velut
1879 2525 2045 2579 aridus,
2076 2525 2258 2578 obsitus).

348 2596 387 2635 A
416 2607 468 2635 re
498 2595 747 2636 maritima
775 2605 1007 2647 perpaucas
1036 2594 1304 2646 metaphoras
1322 2596 1449 2646 poeta
1465 2594 1589 2646 quasi
1613 2593 1842 2645 derivavit,
1874 2600 1981 2646 quas
2000 2594 2253 2647 reperimus,
2277 2593 2357 2634 hae
2375 2596 2494 2634 8111113

147 2659 224 2700 Ad
227 2676 258 2714 p
268 2660 312 2701 el
323 2660 339 2701 l
350 2675 442 2715 ere,
473 2661 732 2718 impellere
761 2660 1046 2714 metaphorice
1065 2659 1180 2701 dicta
1197 2664 1297 2701 sunt
1315 2660 1367 2702 de
1385 2662 1527 2702 animo
1547 2660 1679 2703 Andr.
1704 2662 1745 2704 13
1769 2668 1903 2715 poeta
1921 2661 2214 2717 cumprimum
2233 2661 2417 2702 animum
2435 2658 2496 2700 ad

146 2727 408 2769 scribendum
433 2729 644 2784 adpulit.
667 2753 716 2759 -
737 2725 868 2771 Andr.
885 2727 987 2769 446:
1020 2727 1203 2767 animum
1232 2726 1292 2768 ad
1319 2742 1495 2768 uaeorem
1526 2727 1747 2783 adpulit.
1769 2753 1821 2758 —
1841 2729 1973 2772 Andr.
1994 2729 2096 2771 266:
2128 2728 2230 2770 dum
2258 2729 2305 2769 in
2332 2726 2496 2768 dubiost
2569 2728 2573 2731 ”

148 2796 323 2850 animus,
347 2797 482 2852 paulo
512 2802 712 2838 momento
730 2796 810 2837 huc
827 2794 893 2836 vel
909 2794 1012 2835 illuc
1029 2794 1327 2849 impellitur.
1351 2819 1400 2825 ——
1421 2795 1606 2849 Reliqua
1622 2797 1752 2839 huius
1770 2798 2064 2839 translationis
2081 2798 2331 2839 notissimae
2347 2794 2496 2836 licebit

147 2865 393 2907 omittamus
423 2866 630 2920 exempla.
660 2889 716 2895 —
745 2864 882 2905 Multo
910 2863 1174 2918 pulchriores
1204 2875 1302 2904 cum
1331 2863 1580 2905 audaciores
1610 2865 1715 2919 sint,
1757 2866 1836 2907 hae
1863 2865 1997 2908 Andr.
2030 2864 2132 2907 8453
2177 2864 2309 2906 omnis
2336 2877 2405 2904 res
2434 2868 2495 2903 est

146 2933 231 2972 iam
259 2934 303 2973 in
331 2933 472 2986 vado,
503 2935 530 2974 i.
561 2946 597 2975 e.
629 2934 676 2973 111
703 2936 816 2983 tuto:
846 2931 960 2972 idem
987 2930 1077 2971 fere
1107 2930 1238 2972 Andr.
1268 2930 1371 2973 480:
1404 2945 1477 2985 eqo
1506 2932 1554 2972 in
1577 2940 1732 2986 portu
1760 2934 1958 2988 naviqo.
1984 2956 2039 2963 —
2064 2933 2336 2974 Contrarium
2365 2929 2492 2971 Phor.

146 2998 247 3042 6893
296 3006 335 3041 te
365 2999 425 3041 ad
453 2999 711 3056 scopulum
741 3014 794 3040 ex
824 2996 1111 3054 tranquillo
1141 2996 1331 3051 auferat.
1370 3022 1425 3028 —
1460 2997 1529 3040 Ad
1557 3000 1634 3041 has
1663 3001 1927 3043 ascribemus
1958 3013 2088 3042 unam
2117 2998 2440 3041 translationem
2468 3011 2496 3039 a

146 3067 388 3119 piscando
418 3071 554 3109 ortam
582 3066 708 3109 Phor.
738 3066 838 3107 382:
869 3064 1053 3105 Proinde
1083 3078 1176 3118 eaep
1188 3065 1355 3105 iscare
1386 3067 1512 3121 quasi
1539 3081 1624 3107 non
1652 3082 1804 3110 nosses.

349 3134 442 3175 Rei
470 3135 712 3175 militaris
737 3133 905 3189 propria
928 3131 1080 3173 deinde
1097 3132 1305 3173 vocabula
1322 3135 1562 3188 reperimus
1579 3135 1787 3176 translata
1804 3135 2026 3189 permulta.
2086 3133 2227 3188 Igitur
2244 3133 2495 3187 saepissime

145 3202 378 3244 amantium
406 3202 495 3244 irae
525 3205 824 3255 comparantur
851 3211 951 3241 cum
979 3198 1228 3241 condicione
1257 3200 1414 3243 bellica
1441 3202 1563 3244 velut
1590 3202 1700 3245 Eun.
1732 3203 1806 3246 60:
1852 3201 2107 3255 indutiae,
2150 3198 2349 3253 bellum,
2384 3210 2494 3255 pan>

144 3281 354 3312 rursum.
379 3294 440 3310 .—
481 3269 589 3311 Eun.
619 3269 694 3311 53:
740 3267 938 3322 infecta
975 3281 1102 3321 pace
1143 3266 1252 3309 ultro
1283 3267 1343 3309 ad
1374 3282 1467 3311 eam
1495 3270 1644 3312 venias
1673 3275 1716 3312 et
1745 3270 1896 3312 eodem
1926 3282 2058 3312 sensu
2085 3269 2330 3312 meretricio
2358 3267 2492 3309 Andr.

2154 3335 2177 3359 ξ
