2635 3544
1297 170 1346 212 16

1188 228 1194 233 x
1201 217 1400 235 mvvsffxmm-vxm
1406 225 1428 234 rx,
1434 226 1451 234 υ

138 320 192 349 se
227 313 445 350 torserunt
487 308 755 359 interpretes.
817 306 1056 346 Contextus
1098 319 1228 347 causa
1272 317 1420 345 versus
1461 302 1762 344 antecedentes
1805 302 2073 342 ascribantur
2114 301 2270 343 licebit.
2329 301 2489 345 Thraso

143 374 269 417 miles
284 374 329 416 in
343 372 552 415 Eunucho
565 371 773 426 gloriatur
790 370 900 426 apud
916 370 1185 414 Gnathonem
1203 371 1439 426 parasitum
1460 369 1587 412 rebus
1606 382 1630 411 a
1648 380 1694 411 se
1710 368 1855 424 gestis,
1873 367 2101 423 praecipue
2116 368 2279 423 ingenii
2298 369 2367 410 sui
2380 370 2486 414 acie.

614 462 667 467 —
700 461 746 467 -
782 462 833 467 —
866 462 919 467 ——
956 439 1026 478 Th.
1064 439 1158 479 Una
1189 441 1234 479 in
1266 438 1454 479 convivio

612 506 725 546 Erat
753 505 822 545 hic
853 520 974 559 quem
1003 507 1111 559 dico,
1144 507 1336 547 Rhodius
1367 503 1711 545 adulescaeintulus.

613 570 738 613 Forte
768 570 898 612 hathui
924 579 1122 614 scortum:
1155 574 1287 627 coe'pz't
1317 572 1375 613 ad
1404 570 1451 612 id
1480 569 1685 611 adlddere

611 639 672 679 Et
700 653 763 679 me
794 638 998 680 inridere.
1031 640 1150 696 ‘quid
1181 639 1256 681 αἴθ’
1285 640 1456 694 inquam
1487 637 1645 677 homini
1673 636 1938 691 ‘impudensft

612 706 774 760 Lepus
805 710 904 747 trite
936 722 1006 748 es:
1030 708 1413 763 pulpamentum
1441 704 1675 762 quaeris?
1706 727 1758 733 —
1789 728 1837 733 —
1870 728 1924 734 —

139 771 258 814 Dicti
287 785 468 813 acumen
498 775 576 814 hoc
607 775 703 815 loco
733 776 777 815 in
808 776 1076 826 oppositione
1107 778 1247 816 inesse
1278 777 1389 816 inter
1433 774 1617 826 lepowem
1654 776 1698 812 et
1732 770 2053 824 pulpamentum
2080 775 2275 823 apertum
2302 769 2487 810 videtur

139 838 281 894 Igitur
310 839 422 892 quod
451 840 776 895 pulpamentum
807 855 863 883 ex
893 855 1020 883 carne
1051 847 1229 895 constat,
1261 842 1381 895 lepus
1400 843 1491 894 ipse
1510 840 1651 881 herbis
1681 838 1882 908 vescitur,
1912 837 2022 878 illud
2050 837 2150 879 huic
2168 850 2254 879 non
2271 835 2486 889 convenit,

140 911 190 947 ut
232 907 595 947 imbecillissimae
638 908 816 949 bestiae.
890 908 1003 962 Ergo
1047 910 1170 949 miles
1212 913 1356 949 vetere
1400 908 1473 954 illo
1519 907 1631 946 dicto
1675 887 1818 945 dicere
1862 903 2033 944 videtur
2066 904 2272 944 voluisse.
2318 903 2486 943 abstine

139 974 324 1026 Venere,
354 975 425 1014 cui
456 988 540 1014 non
571 980 765 1015 maturus
795 977 865 1015 sis.

342 1038 433 1081 Iam
462 1039 516 1081 ad
544 1039 742 1082 ultimam
772 1047 1026 1095 perventum
1057 1046 1122 1084 est
1151 1040 1449 1095 disputationis
1476 1043 1653 1093 partem,
1685 1049 1768 1090 qua
1797 1037 1918 1080 nobis
1949 1035 2001 1079 de
2020 1035 2238 1080 vocabulis
2256 1035 2486 1079 dicendum

139 1119 234 1148 esse
265 1111 365 1147 ante
394 1107 706 1173 intelleximus,
738 1119 847 1160 quae
866 1110 1037 1162 propria
1065 1109 1109 1148 in
1138 1108 1376 1148 inanimis
1406 1105 1517 1160 apud
1537 1104 1783 1146 Terentium
1801 1105 2008 1146 translata
2029 1105 2314 1158 reperiuntur.
2369 1102 2485 1144 Eum

138 1186 310 1226 quoque
340 1174 483 1215 locum
514 1176 558 1215 in
589 1162 696 1216 duas
726 1180 869 1228 partes
899 1175 1029 1215 dividi
1059 1189 1154 1216 cum
1183 1174 1595 1228 comprobaverimus
1624 1186 1701 1225 par
1731 1185 1845 1224 esse,
1887 1173 2074 1225 primum
2115 1171 2373 1213 disseramus
2411 1172 2484 1211 in-

138 1242 421 1284 animorum
452 1240 505 1283 de
535 1241 889 1284 translationibus
930 1255 1038 1295 quae
1079 1243 1225 1283 insunt
1254 1242 1298 1282 in
1329 1253 1495 1282 rerum
1526 1244 1724 1293 natura,
1766 1239 1901 1281 altero
1937 1238 2030 1281 loco
2059 1238 2330 1293 metaphorae
2360 1251 2482 1292 spec-

112 1304 303 1361 tentur,
349 1309 402 1350 ab
443 1309 664 1350 vocabulis
709 1309 924 1350 derivatae
966 1310 1018 1349 iis
1063 1320 1189 1360 quae
1233 1309 1321 1349 sub
1359 1319 1539 1348 sensus
1574 1319 1670 1348 non
1701 1306 1899 1348 cadunt.
1959 1308 2103 1358 Atque
2133 1306 2231 1347 illas
2258 1310 2485 1360 postquam

138 1377 325 1429 primum
356 1377 409 1416 de
441 1377 662 1417 vocabulis
692 1377 891 1425 diximus,
924 1388 1030 1428 quae
1060 1388 1157 1415 cum
1187 1377 1355 1428 proprie
1385 1378 1596 1427 ponantur
1624 1374 1676 1414 de
1705 1374 1843 1426 rebus,
1875 1385 2003 1425 quae
2032 1375 2209 1414 insunt
2236 1374 2286 1413 in
2316 1385 2484 1413 rerum

139 1446 341 1495 natura,
372 1443 580 1483 translata
610 1444 883 1495 reperiuntur
912 1444 954 1482 in
985 1455 1063 1482 res
1094 1442 1182 1482 sub
1212 1454 1392 1483 sensus
1424 1454 1520 1482 11011
1550 1441 1810 1494 cadentes,
1842 1442 1886 1481 in
1918 1453 2016 1481 eum
2046 1439 2219 1481 modum
2247 1444 2483 1481 tractemus

140 1507 302 1558 licebit,
333 1513 382 1550 ut
411 1521 497 1549 una
527 1509 772 1563 metaphora
802 1508 852 1549 (16
883 1508 1010 1548 caeli
1040 1508 1245 1549 vocabulo
1275 1507 1423 1561 allata,
1465 1509 1638 1549 initium
1666 1506 1740 1548 fiat
1769 1507 1820 1548 ab
1851 1507 1980 1548 rebus
2008 1507 2062 1548 iis
2092 1518 2201 1559 quae
2230 1507 2429 1548 oriuntur
2457 1518 2483 1546 a

139 1578 298 1628 terra,
346 1575 500 1616 deinde
531 1575 582 1615 de
614 1575 764 1615 rebus
793 1575 977 1614 fluidis
1006 1575 1246 1627 videamus,
1295 1586 1403 1626 quae
1433 1575 1734 1615 translationes
1765 1579 1959 1628 sumptae
1989 1575 2093 1627 sint,
2141 1574 2317 1614 tertium
2348 1574 2403 1613 sit
2432 1576 2483 1613 ut

140 1641 350 1682 vocabula
369 1655 478 1692 quae
496 1643 663 1694 propria
693 1647 792 1682 sunt
822 1641 873 1681 (10
904 1655 1032 1693 aere,
1063 1647 1463 1692 commemorentur,
1494 1646 1694 1692 quartum
1723 1643 1871 1694 ignis,
1901 1642 2086 1692 denique
2116 1654 2286 1681 earum
2315 1653 2483 1680 rerum

140 1708 350 1750 vocabula
392 1709 561 1762 propria
596 1709 919 1761 investigemus,
967 1720 1074 1760 quae
1121 1709 1376 1750 hominum
1406 1720 1572 1761 mann,
1618 1720 1771 1761 opera
1814 1707 2141 1760 consilioque
2182 1707 2323 1749 facta
2366 1710 2480 1748 sunt.

139 1776 286 1827 Atque
317 1776 499 1828 primum
530 1774 785 1815 disseramus
816 1774 867 1815 de
896 1775 1113 1816 vocabulis
1144 1788 1309 1816 rerum
1340 1776 1541 1829 propriis,
1588 1787 1696 1828 quae
1740 1776 1888 1816 insunt
1923 1776 1968 1815 in
1998 1787 2164 1816 rerum
2192 1778 2390 1828 natura,
2436 1774 2481 1813 111

139 1854 221 1881 res
254 1842 471 1882 translatis
513 1854 636 1892 quac
668 1843 755 1882 sub
787 1855 969 1882 sensus
1000 1856 1094 1882 non
1126 1843 1323 1882 cadunt.
1384 1842 1666 1881 Inanimum
1696 1844 1870 1894 ponitur
1896 1855 1970 1894 pro
2010 1843 2243 1882 inanimo.
2303 1840 2396 1888 Qua
2435 1842 2481 1879 in

138 1913 260 1963 parte
293 1910 516 1964 perpaucis
546 1908 878 1962 complectemur
908 1910 1158 1951 nominum
1188 1909 1403 1962 exempla,
1436 1921 1616 1961 quorum
1646 1908 1697 1950 de
1729 1922 1906 1951 numero
1936 1909 2062 1963 longe
2092 1908 2353 1963 amplissimo
2384 1908 2482 1949 aliis

138 1974 246 2017 locis
276 1975 566 2018 disseruimus.
624 1976 784 2016 Locus
816 1977 946 2017 Andr.
977 1977 1078 2019 320:
1118 1991 1249 2032 neque
1280 1976 1460 2017 consili
1489 1975 1646 2017 locum
1676 1976 1819 2017 habeo.
1852 2000 1903 2005 —
1933 1976 2065 2031 Andr.
2096 1976 2197 2018 206:
2242 1975 2305 2016 m‘l
2334 1970 2482 2016 locist

137 2043 395 2096 aequitiae
425 2058 552 2097 neque
582 2044 858 2085 socordiae.
891 2067 942 2073 -—
985 2044 1117 2084 Andr.
1149 2045 1249 2086 601:
1295 2044 1356 2084 nil
1387 2051 1446 2084 est
1470 2045 1616 2097 preci
1645 2044 1747 2084 loci
1774 2044 1975 2086 relictum.
2005 2067 2057 2073 -
2088 2043 2193 2084 Ηθο.
2224 2043 2324 2085 303:
2370 2058 2481 2098 quae

137 2124 367 2165 ‚tanlquam
397 2110 440 2150 in
472 2110 554 2150 allo
581 2111 789 2165 patefecit
821 2110 937 2152 loco,
972 2135 1023 2140 —-
1066 2111 1350 2152 Ascribantur
1378 2111 1524 2153 licebit
1554 2112 1844 2165 metaphorae,
1889 2124 1998 2163 quae
2027 2124 2125 2152 cum
2155 2111 2368 2151 sententia
2396 2111 2481 2152 loci

136 2176 367 2218 cohaerent
395 2176 498 2217 Hec.
531 2177 630 2217 276:
675 2194 759 2217 sum
793 2185 916 2217 emti-a
948 2178 1131 2218 ›zo-riam.
1183 2202 1229 2206 ⁷—
1277 2177 1440 2218 Deinde
1470 2178 1725 2219 adiectiva
1753 2193 1939 2218 vacuus
1969 2178 2100 2219 Andr.
2134 2179 2233 2221 706:
2275 2192 2481 2218 vacuom

136 2243 206 2285 acl*
225 2243 506 2284 narrandum.
538 2269 589 2273 ——
621 2244 731 2285 Inte(
744 2260 841 2285 111116
871 2246 1002 2286 Andr.
1034 2245 1134 2287 576:
1168 2246 1383 2285 lutterhus
1414 2260 1557 2286 eorum
1587 2245 1785 2287 consiliis.
1820 2270 1866 2274 ——
1900 2245 2181 2287 Prooeumus
2210 2246 2341 2287 Andr.
2372 2245 2479 2287 636:

126 2325 416 2366 promum-us
446 2325 535 2350 sum
567 2318 721 2366 eyotteet
752 2313 861 2352 milei.
893 2337 940 2343 —-
975 2313 1205 2353 Proclive
1235 2311 1367 2354 Andr.
1400 2312 1472 2355 78:
1517 2314 1766 2368 iuqeniumst
1795 2313 2005 2353 hominum
2030 2312 2255 2368 proclive
2285 2312 2344 2354 ad
2372 2312 2479 2353 lubi-

135 2371 288 2420 dinem.
339 2402 392 2408 —
443 2379 717 2420 Verborum
761 2381 803 2420 in
846 2382 955 2421 hunc
1002 2381 1175 2421 modum
1216 2381 1520 2422 translatorum
1565 2394 1663 2422 cum
1704 2394 1908 2422 numerus
1951 2382 2007 2422 sit
2046 2394 2302 2435 permagnus
2337 2393 2480 2433 neque

133 2446 345 2488 obscurus
376 2458 493 2497 usus,
525 2448 669 2498 paucis
700 2448 764 2487 his
795 2448 1001 2501 exemplis
1032 2452 1258 2489 contentus
1290 2448 1358 2490 sis.
1420 2447 1559 2501 Igitur
1587 2448 1763 2488 verbum
1795 2447 2017 2488 cadendi
2045 2448 2224 2500 eiusque
2243 2437 2501 2500 composita

132 2525 342 2567 persaepe
374 2513 691 2553 transferuntur
720 2514 838 2554 velut
867 2514 993 2555 Haui.
1024 2515 1123 2555 250:
1171 2523 1328 2569 quanta
1371 2516 1422 2555 de
1464 2530 1537 2568 spe
1569 2515 1749 2556 decidi.
1799 2539 1844 2545 -
1893 2516 2024 2556 Andr.
2055 2515 2160 2556 423:
2207 2529 2303 2554 erus
2344 2527 2479 2553 umore

132 2578 336 2621 excidit.
360 2603 402 2607 -
432 2578 561 2621 Andr.
582 2578 679 2619 7³32:
713 2580 754 2620 in
786 2580 939 2620 malum
962 2597 1103 2636 paene
1133 2582 1305 2624 incidi.
1327 2606 1379 2612 --
1400 2582 1532 2624 Andr.
1555 2582 1655 2624 358:
1686 2582 1874 2623 incidit
1903 2581 2088 2636 suspitio.
2112 2605 2156 2611 —
2179 2580 2479 2633 Sexcentaque

131 2647 331 2701 exempla
359 2646 455 2687 alia.
481 2668 537 2675 —
565 2646 771 2687 Ver-sart·
802 2648 931 2689 Andr.
963 2650 1063 2690 649:
1096 2651 1266 2705 quantis
1296 2651 1341 2690 in
1371 2649 1519 2690 malis
1551 2664 1736 2691 vor-ser.
1774 2674 1811 2679 -·
1852 2648 2127 2691 cohaerere
2157 2650 2261 2690 item
2289 2649 2334 2689 111
2364 2649 2479 2688 1111110

129 2715 303 2756 modum
333 2714 593 2755 transfertur
622 2715 752 2756 Andr.
785 2716 877 2756 560.
924 2742 975 2745 —
1021 2718 1318 2757 Eaecluclere
1349 2717 1481 2757 Andr.
1512 2718 1613 2758 385:
1660 2725 1705 2758 ut
1747 2717 1798 2757 ab
1835 2717 1913 2757 illa
1943 2716 2206 2769 eoecludar,
2248 2716 2328 2755 huc
2368 2730 2477 2756 con-

129 2780 330 2822 cludar.
372 2804 425 2810 —
475 2776 764 2821 occludere
795 2782 924 2824 Andr.
956 2783 1055 2824 557:
1101 2784 1243 2825 lubido
1275 2784 1528 2825 occlusast
1558 2784 1829 2827 contumeliis.
1862 2809 1905 2815 -—
1943 2783 2173 2838 Eaeplere
2202 2796 2300 2824 cum
2331 2782 2477 2823 animo

128 2850 407 2891 coniunctum
438 2860 578 2902 saepe,
609 2848 729 2889 velut
760 2849 889 2889 Andr.
928 2849 1014 2902 188,
1052 2852 1145 2895 339.
1179 2876 1221 2881 -
1263 2851 1507 2893 Amovere
1537 2852 1669 2896 Andr.
1700 2853 1802 2896 307:
1849 2852 1966 2894 istius
2012 2865 2195 2893 amorem
2239 2865 2292 2891 eae
2336 2850 2479 2891 animo

129 2931 369 2958 anzvveas.
410 2928 451 2945 -2
486 2916 787 2969 Impendere
813 2916 935 2959 Phor.
957 2918 1050 2972 580,
1085 2921 1126 2961 l:
1158 2927 1279 2961 tanta
1309 2927 1345 2960 te
1374 2921 1669 2974 impendent
1698 2920 1829 2961 mala.
1849 2944 1897 2950 —
1927 2919 2221 2974 Offirmare
2251 2918 2476 2961 Hec.454:

128 2991 286 3025 certum
317 2984 600 3037 offirmare
632 2990 692 3024 est
724 2985 846 3025 cicun.

331 3050 398 3091 Ab
429 3050 574 3091 caelo
606 3063 691 3091 una
721 3051 966 3103 metaphora
994 3053 1182 3096 derivata
1212 3061 1277 3097 est
1307 3055 1435 3096 Haut.
1469 3055 1567 3096 719:
1619 3054 1731 3102 Quid
1774 3055 1813 3094 si
1855 3053 1981 3094 redeo
2020 3053 2079 3093 ad
2109 3052 2206 3094 illos
2235 3053 2306 3107 qui
2335 3053 2475 3093 aiunt:

128 3116 250 3175 quid
290 3117 335 3158 si
377 3133 504 3158 minc
541 3115 736 3158 caelum
774 3118 919 3158 ruat!
964 3119 1227 3173 significandi
1268 3136 1397 3164 causa
1438 3123 1619 3165 hominis
1665 3121 1902 3164 cautissimi
1945 3120 2016 3162 vel
2060 3120 2189 3163 anxii.
2233 3144 2290 3151 -—
2332 3118 2480 3162 Pauca

127 3185 327 3237 exempla
359 3190 530 3226 exstant
563 3185 904 3238 metaphorarum
935 3199 959 3226 a
990 3187 1115 3226 rebus
1146 3193 1423 3242 sumptarum,
1454 3202 1563 3242 quae
1593 3202 1617 3230 a
1646 3192 1786 3230 terra
1815 3188 2012 3228 oriuntur
2041 3187 2160 3229 velut
2189 3186 2325 3242 lapis
2343 3186 2476 3227 Haut.

126 3251 227 3291 831:
260 3251 364 3305 quid
392 3259 480 3292 stes
511 3251 746 3306 lap1·s;2—
778 3252 908 3293 Haut.
932 3253 1031 3293 917:
1066 3255 1109 3292 ηί
1139 3269 1265 3295 essem
1294 3256 1442 3308 lapis.
1464 3279 1517 3284 —
1540 3255 1644 3297 Hec.
1664 3255 1770 3296 214:
1801 3269 1864 3295 me
1895 3255 2060 3295 omnino
2092 3254 2314 3307 lapidem
2336 3259 2476 3307 putes,
