2635 3544
1284 200 1312 245 9

1165 259 1245 269 wvx.

131 337 232 381 944:
261 336 502 377 memoriam
529 350 645 376 meae
671 335 880 390 voluptati
906 335 1082 378 obstare.
1113 359 1168 366 —
1196 334 1348 376 Fides
1370 335 1450 377 Ad.
1480 335 1582 378 307:
1616 334 1747 384 Quem
1775 349 1907 390 neque
1925 333 2044 388 fides
2071 349 2203 390 neque
2232 334 2298 376 ius
2326 335 2474 376 iuran-

131 395 232 448 dum
258 403 457 459 repressit
485 417 619 459 neque
635 403 814 452 relleaeit.
833 427 888 434 —
906 401 1072 458 Deinde
1094 404 1354 445 contrarium
1370 401 1612 459 fallacia
1639 402 1772 445 Andr.
1793 401 1888 457 778,
1919 401 1964 444 9:
1989 400 2184 457 fallacia
2213 400 2307 443 alia
2337 400 2473 444 aliam

130 472 345 514 trudit.—
378 470 673 527 Obsequium
700 471 833 512 Andr.
853 469 926 512 68:
956 469 1193 526 obsequium
1221 471 1388 525 amicos,
1415 471 1575 512 veritas
1604 470 1745 512 odium
1765 470 1902 525 parit.
1931 493 1989 500 —
2017 469 2100 511 Ad.
2123 469 2230 512 470:
2252 470 2475 524 persuasit

129 556 239 594 ηοω,
285 553 428 593 amor,
471 539 646 592 vinum,
693 536 1054 581 adolescentia.
1097 562 1153 570 —
1191 539 1326 581 Mors
1354 539 1487 582 Andr.
1515 539 1618 582 297:
1662 553 1772 580 mors
1806 539 1997 580 continuo
2027 538 2167 592 ipsam
2195 545 2386 591 occupat.
2415 560 2473 569 —

138 606 342 650 Verbum
365 606 496 650 Andr.
519 604 618 648 885:
648 605 753 647 istuc
781 602 949 647 verbum
975 618 1072 647 vere
1100 606 1143 648 in
1172 613 1210 648 te
1239 606 1407 650 accidit.
1431 628 1480 637 -
1505 606 1612 648 Mos
1635 605 1743 649 Hec.
1766 605 1868 648 239:
1900 611 1990 647 tuos
2021 619 2109 647 esse
2139 619 2214 662 eqo
2241 604 2313 647 illi
2338 618 2476 647 mores

128 675 313 716 morbum
342 674 527 715 arbitror
555 674 687 715 Andr.
718 673 819 714 696:
863 673 1108 714 conveniunt
1134 690 1279 716 mores.
1311 698 1362 705 —
1403 675 1615 730 Aeyritu
1624 674 1683 715 do
1712 674 1845 716 Andr.
1876 674 1977 715 961:
2022 674 2062 714 si
2094 672 2216 714 nulla
2246 671 2472 728 aeyritudo

127 743 221 784 huic
248 740 405 797 qaudio
434 740 722 782 intercesserit.
760 764 816 770 -—-
860 739 1081 782 Miseria
1108 741 1188 784 Ad.
1218 741 1317 785 603:
1361 742 1534 784 miseria
1560 740 1744 783 tabescit.
1780 765 1834 772 —
1884 738 2033 782 C'olor
2060 739 2195 783 Andr.
2226 737 2330 782 878:
2373 738 2474 781 vide

127 824 225 851 num
254 809 342 850 eius
371 808 485 850 color
504 807 690 863 pudoris
717 807 885 862 siqnum
911 819 1090 864 usquam
1116 807 1291 851 indicat.
1326 832 1374 839 —
1410 807 1585 850 Oratio
1613 807 1695 850 Ad.
1725 806 1825 850 805:
1871 821 1985 849 nunc
2014 806 2182 848 demum
2209 807 2340 848 istaec
2367 813 2475 848 nata

128 878 312 918 oratiost.
343 899 395 906 —
434 876 616 917 Vitium
644 880 689 917 et
718 875 991 916 calamitas
1018 875 1124 918 Hec.
1153 875 1199 918 2:
1228 890 1378 917 novum
1406 877 1626 917 intervenit
1654 876 1799 916 vitium
1829 881 1867 915 et
1895 875 2131 918 calamitas.
2161 898 2217 905 —
2247 875 2300 916 N
2301 889 2367 916 0ae
2387 875 2473 918 Ad.

127 944 228 987 525:
269 945 390 998 prius
418 959 504 985 ἠοω
534 943 818 998 oppressisset.
853 966 908 993 ··.-
949 941 1172 997 Suspitio
1202 943 1282 987 Ad.
1312 942 1412 986 615:
1458 949 1580 985 tanta
1608 942 1782 998 suspitio
1813 941 1866 983 de
1893 957 1958 984 me
1987 941 2234 987 incidit..—
2262 941 2355 985 Nec
2383 956 2473 986 non

126 1013 170 1054 in
205 1011 355 1054 eodem
394 1024 573 1054 numero
613 1009 832 1053 habendae
872 1013 972 1052 sunt
1011 1010 1309 1053 translationes
1337 1023 1447 1066 quae
1476 1013 1728 1064 sequuntur.
1786 1008 1846 1050 Li
1852 1024 1882 1051 n
1887 1024 1984 1066 qua
2010 1008 2120 1053 Eun.
2150 1008 2257 1052 977:
2301 1008 2471 1067 Lingua

126 1079 269 1121 haeret
285 1085 406 1128 metu.
463 1078 569 1122 Hec.
589 1077 689 1120 761:
721 1077 866 1134 linqua
896 1084 971 1119 tua
987 1077 1174 1134 facilem
1200 1093 1264 1119 me
1291 1078 1505 1132 reddidit;
1533 1079 1580 1120 in
1607 1079 1661 1120 iis
1692 1077 1865 1131 quidem
1895 1078 2043 1120 formis
2072 1081 2241 1120 constat
2267 1081 2471 1132 metony-

126 1149 236 1190 miae
265 1149 352 1188 vim
381 1149 534 1188 inesse.
594 1146 790 1188 Fortasse
820 1147 948 1188 etiam
977 1148 1021 1187 in
1051 1148 1248 1201 sequenti
1276 1146 1401 1189 Phor.
1434 1146 1561 1190 1053:
1593 1145 1705 1202 quod
1733 1152 1801 1187 tuo
1829 1147 1921 1187 viro
1952 1145 2087 1188 oculi
2114 1145 2298 1188 doleant.

327 1215 453 1255 Alter
470 1215 591 1256 locus
609 1215 723 1267 capit
741 1226 791 1255 ea
807 1214 1025 1266 vocabula,
1055 1226 1163 1266 quae
1191 1215 1249 1256 ab
1277 1215 1532 1256 hominum
1561 1226 1584 1255 c
1596 1214 1961 1256 ondicionibus
1986 1214 2193 1255 translata
2211 1217 2313 1255 sunt
2329 1218 2405 1255 aut
2421 1215 2470 1254 in

127 1283 319 1324 homines
348 1286 423 1323 aut
451 1283 496 1322 in
525 1294 606 1323 res.
665 1280 1026 1335 Frequentissima
1054 1285 1154 1324 sunt
1182 1281 1380 1336 exempla
1408 1281 1678 1335 plurimaque
1706 1285 1796 1323 tam
1824 1281 1967 1323 lucida
1996 1285 2040 1323 et
2067 1284 2228 1335 aperta,
2257 1284 2309 1323 ut
2331 1281 2469 1323 inter·

127 1350 365 1403 pretatione
394 1361 490 1389 rara
517 1360 623 1402 opus
653 1349 720 1389 sit.
779 1347 917 1402 Igitur
943 1349 1127 1403 primum
1157 1348 1347 1389 dicamus
1375 1347 1428 1389 de
1457 1347 1734 1402 metaphoris,
1777 1360 1887 1401 quae
1917 1350 2111 1402 sumptae
2141 1350 2242 1388 sunt
2271 1347 2325 1388 ab
2354 1349 2469 1389 uni-

127 1417 306 1468 versis,
325 1419 374 1456 ut
392 1416 452 1455 ita
469 1415 620 1468 dicam,
640 1415 698 1456 ho
709 1416 895 1456 minum
914 1415 1317 1468 condicionibus,
1336 1415 1456 1456 velut
1473 1428 1499 1455 a
1515 1414 1727 1468 familia,
1757 1428 1783 1455 a
1799 1415 1928 1456 locis
1948 1415 2292 1467 fortunisque,
2312 1414 2468 1456 deinde

127 1497 151 1524 a
169 1483 382 1524 sententia
401 1482 623 1524 verborum
655 1482 874 1535 regendi,
899 1481 1122 1536 parendi,
1148 1481 1417 1523 serviendi.
1475 1480 1661 1535 Incipiat
1681 1485 1826 1523 autem
1845 1481 1924 1522 hoc
1932 1492 2096 1535 agmen
2114 1480 2371 1522 vocabulum
2385 1479 2419 1534 f
2423 1496 2469 1522 a·

127 1549 270 1590 milia
287 1550 418 1591 Andr.
435 1550 531 1591 136:
549 1550 691 1590 reiecit
707 1564 750 1590 se
767 1549 813 1590 in
832 1563 922 1589 eum
941 1564 1066 1604 quam
1072 1548 1374 1602 familiariter.
1387 1572 1440 1579 -
1460 1548 1591 1590 Andr.
1611 1549 1710 1589 111:
1729 1554 1902 1589 mortem
1915 1546 2318 1601 fertsfamiliariter.
2361 1546 2470 1589 Per-

125 1618 262 1660 multa
290 1617 374 1659 alia
401 1617 528 1659 huius
557 1617 846 1659 translationis
875 1629 959 1658 usu
987 1617 1113 1658 tritae
1146 1616 1356 1670 exempla.
1399 1639 1456 1646 -
1496 1615 1654 1656 Pater
1682 1614 1764 1657 Ad.
1798 1614 1896 1657 126:
1945 1614 2128 1657 consiliis
2149 1621 2296 1671 pater.
2353 1614 2469 1657 Vide

126 1686 208 1726 alia
237 1685 330 1726 loca
356 1684 437 1725 Ad.
466 1683 562 1738 456,
592 1683 686 1725 902.
745 1684 811 1724 Ab
841 1684 919 1724 hoc
947 1683 1153 1724 vocabulo
1190 1683 1429 1724 derivatum
1469 1687 1535 1724 est
1575 1682 1753 1724 verbum
1786 1683 2049 1737 patrisso,
2094 1682 2209 1736 quod
2248 1695 2333 1724 uno
2373 1682 2469 1724 loco

126 1754 363 1807 reperimus
391 1752 471 1794 Ad.
502 1752 602 1793 564:
625 1752 853 1805 patrissas,
883 1752 910 1792 i.
943 1764 979 1791 e.
1010 1751 1252 1791 simillimus
1282 1763 1328 1791 es
1357 1752 1503 1803 patris.
1534 1774 1588 1780 —
1617 1749 1803 1790 Auctor
1831 1750 1940 1792 Eun.
1971 1751 2096 1793 1013:
2128 1749 2198 1790 An
2219 1749 2470 1804 paenitebat

124 1821 264 1876 flayiti
291 1826 330 1861 te
361 1826 529 1861 auctore
560 1817 670 1874 quod
694 1816 891 1872 fecisset?
919 1841 975 1849 —
1003 1817 1135 1861 Andr.
1168 1818 1236 1861 19:
1281 1817 1504 1870 Naevium,
1547 1817 1757 1871 Plautum,
1803 1817 1992 1859 Ennium
2021 1842 2074 1849 -
2105 1832 2206 1873 quos
2233 1817 2299 1860 bic
2327 1824 2471 1860 noster

127 1893 318 1928 auctores
361 1885 494 1927 habet.
536 1908 593 1915 —-
637 1885 800 1926 Iterum
829 1885 910 1925 Ad.
940 1885 1034 1927 939.
1065 1907 1117 1914 —
1158 1885 1220 1926 Vo
1231 1885 1339 1940 lyus
1369 1886 1500 1927 Andr.
1530 1885 1630 1926 582:
1678 1884 1821 1940 volyus
1863 1898 2088 1926 servorum.
2123 1907 2166 1913 -—
2202 1884 2334 1926 Haut.
2363 1883 2466 1926 386:

125 1962 370 2008 vostrarum,
399 1953 545 2009 volqus
575 1968 682 2008 quae
699 1951 750 1993 ab
766 1967 808 1992 se
826 1957 1058 2007 seqreyant.
1075 1976 1126 1982 —
1144 1951 1360 2007 Populus
1378 1952 1510 1994 Andr.
1533 1951 1630 1993 185:
1661 1951 1709 1992 id
1718 1951 1908 2006 populus
1933 1959 2055 1992 curat
2072 1950 2239 1992 scilicet.
2299 1949 2468 1993 Nomen

35 2030 41 2041 ·
125 2022 384 2064 adiectivum
425 2019 700 2077 popularis
734 2019 799 2061 bis
828 2019 1011 2074 legimus
1040 2017 1165 2061 Phor.
1196 2017 1251 2060 35
1281 2021 1324 2060 et
1352 2017 1432 2060 Ad.
1461 2017 1552 2060 155.
1603 2042 1649 2048 —
1695 2017 1762 2059 Ex
1789 2019 1937 2073 lingua
1967 2030 2121 2073 graeca
2149 2021 2371 2072 sumptum
2400 2021 2470 2060 est

124 2090 379 2130 vocabulum
405 2103 587 2142 pompa
614 2086 745 2128 Haut.
777 2087 878 2127 719:
924 2092 997 2126 tua
1022 2097 1180 2140 pompa
1210 2100 1255 2126 eo
1286 2085 1611 2136 traducendast;
1652 2086 1765 2126 idem
1794 2084 2008 2138 significat
2043 2085 2158 2137 quod
2197 2085 2365 2138 volgus.
2411 2107 2470 2115 -

124 2155 253 2197 Pars
280 2155 414 2197 Andr.
444 2154 546 2197 418:
590 2161 758 2196 nostrae
788 2153 908 2194 timeo
931 2153 1068 2209 parti.
1097 2176 1152 2183 —-
1185 2151 1293 2194 Eun.
1327 2152 1424 2193 151:
1461 2153 1630 2207 priores
1654 2157 1803 2207 partes
1833 2150 1955 2207 apud
1983 2165 2047 2191 me
2075 2149 2241 2192 habere.
2273 2174 2321 2181 —
2355 2150 2467 2194 Eun.

124 2223 223 2265 353:
268 2238 436 2264 severas
460 2222 619 2276 fratris
641 2229 790 2278 partes
815 2220 1058 2275 praedicas.
1101 2242 1154 2251 —
1198 2219 1355 2260 Locus
1383 2219 1491 2262 Eun.
1521 2214 1626 2261 241:
1667 2219 1795 2261 viden
1835 2234 1897 2259 me
1940 2234 1994 2260 eoe
2025 2218 2169 2260 eodem
2198 2226 2335 2260 mum
2364 2218 2469 2273 loco,

123 2290 237 2332 idem
265 2290 372 2333 Eun.
402 2290 503 2332 234:
535 2290 707 2331 conveni
736 2287 947 2345 quendam
975 2287 1058 2328 mei
1086 2286 1167 2328 loci
1195 2287 1289 2328 binc
1319 2293 1445 2342 atque
1475 2285 1722 2327 ordinis.—
1739 2284 1904 2338 Liber,
1935 2285 2175 2327 liberalis
2203 2286 2471 2341 saepissime,

122 2357 310 2412 exempli
338 2359 475 2412 gratia
504 2357 636 2400 Andr.
666 2357 769 2399 330:
813 2355 1008 2411 officium
1052 2353 1173 2395 liberi
1213 2354 1388 2395 hominis
1419 2360 1540 2408 puto.
1588 2378 1633 2383 —-
1681 2354 1813 2395 Andr.
1848 2353 1946 2395 123:
1989 2353 2138 2407 forma
2184 2352 2371 2394 liberali.
2416 2377 2471 2383 —

125 2425 344 2481 Obsequi
371 2425 476 2467 Hec.
506 2424 607 2467 459:
638 2425 753 2466 bomo
783 2424 995 2479 voluptati
1024 2422 1260 2478 obsequens,
1290 2422 1404 2463 idem
1431 2422 1608 2463 verbum
1639 2421 1718 2463 Ad.
1750 2421 1817 2463 33.
1849 2444 1913 2471 -Ὶ
1937 2421 2146 2463 Similiter
2174 2420 2472 2462 subservire

121 2494 253 2535 Andr.
285 2493 383 2535 735:
414 2492 652 2535 subservias
680 2493 887 2547 orationi,·
916 2492 1066 2534 eodem
1095 2503 1225 2533 sensu
1255 2490 1439 2544 simplex
1465 2489 1571 2532 Hec.
1602 2489 1669 2530 51.
1700 2512 1754 2518 -
1785 2488 2064 2544 Indulyere
2094 2488 2174 2532 Ad.
2204 2488 2278 2531 63:
2317 2489 2472 2530 vestitu

120 2561 250 2602 nimio
279 2559 487 2617 indulqes.
533 2584 584 2591 —
631 2558 811 2602 Sinere
840 2560 920 2603 Ad.
954 2559 1052 2602 104:
1088 2572 1172 2600 non
1199 2558 1270 2599 siit
1299 2563 1471 2613 eqestas.
1504 2580 1551 2587 -
1588 2554 1809 2598 Clemens
1839 2556 2000 2598 dicitur
2028 2556 2208 2598 servitus
2236 2555 2370 2597 Andr.
2399 2555 2469 2597 36.

121 2651 176 2658 —-
209 2627 507 2670 Gubernare
531 2627 636 2670 Hec.
656 2628 757 2670 311:
790 2629 863 2684 qui
892 2642 960 2669 eos
987 2626 1196 2682 yubernat
1225 2625 1401 2679 animus,
1431 2624 1644 2677 infirmum
1674 2631 1837 2679 yerum.
1857 2647 1913 2654 —
1936 2624 2070 2666 Andr.
2092 2623 2218 2667 1046:
2237 2623 2470 2679 fortunam

121 2719 175 2725 —
206 2711 315 2753 quae
343 2696 624 2754 yubeomatriae
640 2694 751 2751 fuit.
797 2720 852 2725 ——
894 2694 1150 2736 Divitissimi
1191 2691 1457 2749 significandi
1485 2703 1614 2734 causa
1641 2692 1825 2734 hominis
1855 2692 2085 2734 translatio
2113 2694 2215 2733 nota
2244 2691 2473 2733 adhibetur

122 2778 219 2804 rea·
248 2764 372 2807 Phor.
392 2765 465 2806 70:
501 2764 576 2818 Oh,
605 2778 745 2818 reyem
772 2776 837 2803 me
867 2776 953 2803 esse
981 2762 1175 2816 oportuit.
1194 2783 1247 2790 —
1272 2761 1324 2800 In
1353 2760 1535 2801 eundem
1566 2772 1742 2800 sensum
1770 2760 1950 2811 quadrat
1979 2766 2200 2814 satrapa
2217 2758 2347 2799 Haut.
2366 2758 2470 2798 452:

121 2838 298 2887 satrapa
316 2833 353 2873 si
369 2833 447 2873 siet
466 2838 644 2884 amator,
674 2835 718 2873 et
735 2845 787 2870 re
794 2845 939 2885 qnum
955 2829 1036 2871 Ad.
1060 2827 1156 2870 175:
1186 2842 1412 2883 reynumne
1431 2826 1496 2868 hic
1516 2833 1561 2868 tu
1571 2825 1795 2882 possides?
1852 2826 1944 2869 Nec
1969 2841 2056 2869 non
2079 2826 2345 2868 rarissimum
2361 2823 2471 2866 illud

121 2911 273 2954 graece
318 2900 499 2955 dictum,
544 2899 657 2955 quod
699 2898 881 2954 legimus
917 2896 997 2939 Ad.
1035 2894 1134 2939 915:
1179 2894 1252 2937 ille
1288 2894 1468 2952 Babylo.
1529 2894 1687 2938 Confer
1728 2898 1943 2937 nostrum:
1993 2892 2196 2951 „21:111anst
2256 2892 2343 2935 Nos
2387 2892 2469 2934 hoc

121 2980 275 3009 nomen
304 2968 356 3009 ab
386 2968 491 3009 urbe
521 2967 826 3009 derivavimus:
871 2964 1038 3020 Babylo
1067 2965 1096 3004 i.
1128 2978 1161 3004 e.
1191 2963 1458 3020 Babylonius
1486 2963 1564 3004 vir.
1623 2963 1769 3016 (Forte
1796 2964 1920 3005 nobis
1955 2961 2231 3012 Quaestiones
2261 2968 2471 3003 onomato-

122 3033 282 3089 loyicae
313 3047 412 3077 cum
441 3036 547 3076 haec
576 3035 908 3090 scripsissemus»,
937 3033 982 3073 in
1013 3034 1289 3086 conspectum
1307 3031 1567 3086 ceciderunt,
1599 3020 1655 3071 ex⁷
1684 3031 1840 3084 quibus
1869 3030 2099 3072 Ritschelii
2128 3030 2394 3071 sententiam.
2413 3029 2468 3069 de

120 3102 199 3142 hoc
229 3105 399 3144 nomine
429 3103 678 3144 adferimus:
708 3101 919 3155 Babylon,
943 3099 1110 3153 Babylo
1131 3098 1332 3150 (Babulo)
1354 3098 1624 3152 dispensator
1654 3098 1718 3138 vel
1748 3099 1946 3138 arcarius
1977 3100 2070 3148 (aut
2100 3097 2389 3151 argentarius)
2420 3102 2470 3135 ut

120 3168 299 3210 videtur.
358 3170 420 3212 ef.
453 3170 708 3212 Salmasium
737 3168 890 3211 Exere.
919 3165 1030 3209 Plin.
1060 3181 1099 3221 p.
1130 3165 1222 3220 130,
1252 3164 1323 3220 D.)
1380 3164 1606 3220 Elegantia
1631 3165 1714 3208 duo
1745 3169 1788 3208 et
1817 3165 2037 3219 praeclara
2065 3163 2264 3225 exempla
2293 3166 2468 3206 exstant

121 3237 406 3293 metaphorae,
438 3249 547 3291 quae
576 3250 602 3278 a
629 3235 835 3280 vocabulo
861 3233 1160 3291 provinciae
1190 3232 1382 3276 derivata
1410 3236 1476 3276 est
1494 3232 1619 3277 Phor.
1641 3232 1716 3275 72:
1739 3232 2011 3288 provinciam
2040 3230 2190 3286 cepisti
2218 3229 2383 3271 duram.
2412 3252 2470 3260 —

120 3303 248 3346 Haut.
278 3305 379 3348 576:
423 3305 520 3347 huic
558 3310 698 3346 nostro
740 3301 943 3345 traditast
963 3303 1203 3360 provincia.
1262 3301 1491 3344 Provincia
1531 3315 1607 3357 pro
1644 3316 1812 3342 munere
1841 3301 2063 3356 adsumpta
2092 3303 2171 3341 est.
2212 3322 2266 3329 —
2307 3298 2471 3340 Eodem

120 3365 124 3367 ξ
2127 3367 2153 3408 2
