2635 3544
1293 171 1344 215 19

1378 231 1449 242 ΛΑΝ

149 323 344 363 maqnum
364 307 643 361 eme-mptum
666 307 957 350 continentiae.
978 332 1030 338 —
1049 306 1324 363 Sapientia
1351 308 1431 351 Ad.
1448 307 1551 353 394:
1580 308 1645 351 m‘l
1672 309 1759 351 nisi
1783 308 2049 365 capientia
2078 324 2134 366 ea,
2164 308 2238 352 ille
2254 311 2492 354 somnium

147 382 188 418 et
216 375 296 418 Ad.
325 374 409 418 769
439 387 564 430 quem
593 374 731 416 locum
760 387 889 430 supra
915 372 1191 417 laudavimus.
1222 399 1276 404 —
1319 372 1576 425 Quaestus
1599 375 1701 418 Hec.
1732 375 1833 420 756:
1873 374 1966 418 alia
1994 390 2051 418 σω
2078 375 2154 418 hoe
2183 384 2405 435 quaestu.
2434 403 2490 411 ——

145 442 328 484 Pulchre
356 441 555 483 dicuntur
584 456 720 481 amor
748 446 789 483 et
818 439 1128 482 consuetudo
1157 454 1232 496 pro
1261 442 1422 484 amica
1451 442 1577 485 Haut.
1596 443 1698 485 264:
1730 443 1859 486 aliter
1886 450 2002 487 tuom
2032 458 2247 487 amorem
2275 451 2402 503 atque
2431 453 2492 489 eat

146 511 314 565 accipis.
353 533 390 539 -
430 509 553 550 Phor.
586 509 685 551 161:
717 509 792 563 qui
818 508 927 550 hanc
955 508 1058 550 milei
1086 509 1248 551 adimat
1275 511 1695 553 consuetudinem.
1737 536 1790 542 —
1831 512 2058 567 Eleganter
2085 513 2186 555 item
2209 513 2492 569 audacterque

144 578 323 631 legimus
352 576 477 619 Haut.
507 576 608 619 366:
641 576 731 616 eius
759 581 946 617 noctem
975 582 1176 619 orantem.

344 786 458 838 Quas
486 787 747 842 metaphoras
777 799 829 828 ex
860 786 1037 829 Terentii
1067 787 1220 830 fabulis
1249 790 1510 845 collegimus,
1552 803 1808 845 quamquam
1845 794 2008 832 tantum
2037 790 2172 844 abest,
2213 794 2261 832 ut
2290 802 2436 833 omnes
2464 803 2491 833 a

140 855 263 897 nobis
292 860 454 896 coactas
483 855 785 896 contendamus
815 866 905 895 esse
934 861 980 895 ut
1008 857 1190 898 maxime
1218 870 1315 898 cum
1344 857 1458 898 haud
1487 858 1664 899 scientes
1692 862 1782 899 tum
1812 859 1989 899 scientes
2017 858 2246 912 permultas
2275 870 2354 899 nos
2383 858 2490 899 omi-

139 924 243 964 sisse
283 921 572 976 confiteamur,
611 927 751 963 tamen
784 925 845 963 'ex
885 922 950 963 his
987 923 1327 966 translationibus
1355 925 1617 979 investigatis
1646 929 1687 965 et
1715 925 1877 966 elucere
1905 929 2118 979 putamus,
2158 924 2234 967 ubi
2274 930 2317 967 et
2345 924 2487 979 quoad

136 994 283 1043 poetae
309 1002 429 1031 mens
457 989 813 1043 cogitationesque
842 993 1027 1031 versatae
1054 991 1138 1031 sint
1166 996 1206 1031 et
1240 1004 1437 1045 apparere
1459 991 1697 1033 Terentium
1733 1004 1807 1045 pro
1836 992 1925 1032 suis
1947 990 2204 1046 temporibus
2227 990 2487 1046 imaginibus

137 1062 178 1099 et
207 1055 403 1099 dilucidis
432 1055 646 1098 abundare
674 1060 715 1097 et
749 1067 871 1112 saepe
909 1055 1208 1112 pulcherrimis.
1266 1057 1400 1100 Multo
1441 1057 1684 1113 ampliorem
1715 1056 1866 1098 deinde
1894 1057 2230 1113 metaphorarum
2258 1069 2485 1100 numerum

135 1136 222 1164 non
261 1123 510 1165 mirabimur
549 1135 603 1164 ex
644 1122 861 1164 hominum
901 1124 1217 1165 condicionibus
1257 1126 1454 1170 haustum
1494 1137 1585 1166 esse
1613 1126 1683 1178 iis,
1724 1126 1768 1164 in
1811 1125 1966 1178 quibus
2006 1126 2196 1179 plerique
2231 1130 2367 1178 erant,
2407 1127 2484 1179 qui

135 1191 392 1232 comoediam
420 1203 637 1232 romanam
666 1191 915 1250 spectabant.
972 1191 1080 1233 Nam
1110 1193 1154 1232 in
1184 1193 1399 1234 comoedia
1421 1193 1533 1234 bona
1554 1192 1772 1233 translatio
1801 1198 1875 1243 est,
1905 1194 2032 1245 quam
2061 1192 2273 1234 auditores
2301 1197 2343 1234 et
2369 1193 2484 1233 auri-

133 1258 213 1299 bus
241 1259 479 1313 percipiunt
506 1262 547 1300 et
574 1261 731 1309 mente3
762 1259 890 1313 igitur
910 1263 1079 1314 propter
1100 1271 1170 1301 eos
1201 1261 1275 1314 qui
1304 1259 1547 1313 audiebant,
1577 1262 1733 1314 poetae,
1762 1271 1815 1300 ne
1844 1259 2049 1301 acutiores
2079 1258 2483 1315 longinquioresque

134 1325 430 1367 adhiberentur
458 1325 692 1367 cavendum
721 1330 809 1367 erat
836 1327 1087 1368 mutationes
1117 1326 1348 1369 verborum.
1410 1326 1526 1377 Quae
1556 1328 1752 1381 quamvis
1775 1327 1962 1367 carmina
1984 1325 2119 1379 lyrica
2141 1326 2194 1367 iis
2217 1338 2483 1381 summopere

133 1396 390 1433 exornentur
430 1395 470 1432 et
510 1392 801 1445 inlustremur,
842 1393 886 1432 in
925 1392 1078 1433 fabulis
1119 1394 1282 1448 ineptae
1311 1400 1418 1435 sunt.
1478 1393 1571 1443 Quo
1609 1394 1765 1434 facnmi
1804 1398 1867 1434 est
1896 1397 1944 1433 ut
1971 1394 2214 1447 saepissime
2242 1397 2365 1447 poeta
2392 1405 2482 1434 rem

132 1459 383 1512 iudicialem,
413 1457 679 1500 condiciones
708 1462 748 1500 et
777 1458 874 1500 belli
904 1465 945 1500 et
973 1461 1209 1502 commercii
1239 1462 1488 1516 cogitatione
1517 1461 1763 1515 complexus
1787 1461 1851 1513 sit,
1882 1473 2062 1514 quarum
2086 1462 2255 1515 propria
2277 1459 2484 1502 vocabula

132 1539 228 1567 cum
258 1538 395 1579 neque
424 1526 475 1566 ab
518 1538 587 1567 ore
627 1538 763 1579 neque
792 1527 844 1567 ab
874 1539 974 1567 aure
1011 1528 1102 1568 eius
1142 1527 1299 1569 absona.
1338 1533 1491 1580 essent,
1533 1529 1606 1581 qui
1648 1527 1861 1579 audiebat,
1902 1528 2029 1569 etiam
2067 1532 2228 1569 mutata
2267 1527 2482 1570 intellectu

132 1597 248 1635 erant
270 1593 419 1636 facilia.
477 1592 625 1647 Neque
655 1606 762 1647 quae
791 1598 831 1635 et
859 1606 914 1635 ex
944 1593 1199 1647 agricultura
1227 1599 1267 1636 et
1295 1607 1348 1636 ex
1378 1595 1577 1637 universa
1605 1607 1743 1640 rerum
1768 1598 1920 1636 natura
1943 1593 2154 1636 derivatae
2182 1598 2293 1649 sunt,
2321 1593 2482 1636 alienae

132 1660 183 1702 ab
213 1665 351 1702 mente
379 1659 664 1701 Romanorum
693 1665 819 1701 erant.
879 1659 1144 1716 Quamquam
1173 1662 1250 1703 hae
1279 1663 1392 1704 haud
1420 1662 1576 1703 multae
1606 1665 1715 1713 sunt,
1745 1674 1840 1701 cum
1872 1665 2061 1701 veterum
2091 1662 2364 1716 cogitationes
2386 1672 2481 1702 raro

132 1730 175 1769 in
205 1741 344 1769 lerum
374 1732 524 1769 natura
553 1732 736 1769 versatas
765 1740 854 1769 esse
883 1733 1052 1770 constet.
1110 1728 1303 1784 Denique
1334 1743 1441 1785 quae
1469 1717 1760 1771 translationes
1790 1741 1843 1769 ex
1874 1728 2019 1770 fabula
2043 1729 2370 1783 scholarumque
2398 1742 2480 1770 usu

131 1802 244 1838 ortae
274 1801 388 1849 sunt,
428 1809 570 1837 earum
601 1808 824 1838 numerum
852 1796 1076 1839 minimum
1111 1809 1203 1839 esse
1242 1810 1328 1839 non
1367 1798 1522 1840 mirum
1560 1795 1788 1848 videbitur,
1831 1796 1905 1850 qui
1948 1809 2033 1850 qua
2072 1799 2224 1838 natura
2262 1795 2479 1838 translatio

131 1863 278 1905 debeat
300 1876 401 1915 esse,
431 1864 697 1918 perspexerit.
756 1862 985 1905 Rarissima
1007 1864 1199 1918 exempla
1228 1870 1394 1906 exstant
1422 1865 1741 1905 translationum
1765 1863 1818 1904 ad
1842 1864 2156 1917 navigationem
2179 1864 2479 1917 pertinentium

131 1944 300 1985 unaque
328 1944 378 1972 ea
405 1931 663 1985 metaphora,
705 1944 832 1985 quam
862 1936 983 1985 poeta
1011 1944 1066 1973 ex
1094 1945 1233 1973 rerum
1264 1933 1436 1973 historia
1464 1932 1659 1986 sumpsit,
1699 1930 1878 1972 Romani
1910 1930 2063 1983 Pyrrhi
2092 1930 2277 1971 nominis
2305 1934 2347 1971 et
2374 1929 2477 1972 belli

130 1999 325 2040 tarentini
355 1998 670 2039 commonefacti
700 2003 815 2050 sunt,
858 1998 969 2052 quod
1010 1998 1164 2040 bellum
1206 1999 1317 2040 haud
1358 2000 1415 2040 ita
1454 1999 1597 2040 multis
1627 1999 1748 2039 annis
1778 2002 1875 2038 ante
1903 1998 2060 2052 optimo
2089 1996 2291 2039 Romanis
2319 2002 2475 2040 eventu

129 2065 362 2107 confectum
392 2068 488 2106 erat.

330 2131 451 2181 Quod
482 2132 532 2173 ad
564 2144 784 2173 numerum
826 2133 1146 2174 translationum
1188 2135 1349 2185 attinet,
1389 2146 1532 2175 earum
1572 2134 1694 2186 longe
1736 2134 1938 2185 plurimas
1980 2135 2023 2173 in
2067 2132 2222 2173 fabulis
2262 2132 2475 2185 Eunuchi,

132 2199 404 2251 Phormionis,
434 2199 620 2240 Andriae
640 2204 804 2240 exstare
827 2212 912 2240 non
937 2200 1213 2242 omittendum
1236 2205 1314 2250 est,
1346 2205 1386 2241 et
1416 2213 1669 2253 quamquam
1699 2199 1812 2240 haud
1841 2198 1963 2240 facile
1993 2199 2220 2253 quisquam
2250 2198 2365 2253 quod
2394 2198 2474 2239 hae

127 2279 227 2320 prae
266 2267 441 2320 reliquis
481 2266 646 2307 fabulae
686 2265 939 2320 metaphoris
979 2265 1210 2319 abundent,
1250 2266 1424 2306 consilio
1465 2265 1507 2304 id
1547 2265 1702 2305 factum
1743 2278 1832 2305 esse
1872 2264 2150 2316 contenderit,
2190 2264 2268 2304 vix
2297 2263 2478 2305 dubium

124 2334 277 2388 poterit
305 2346 395 2374 esse
426 2333 529 2388 quin
559 2346 654 2373 cum
686 2331 951 2374 Phormionis
980 2338 1021 2375 et
1050 2333 1236 2375 Andriae
1265 2333 1499 2374 fabularum
1529 2338 1617 2373 tum
1648 2333 1831 2373 maxime
1859 2331 2059 2373 Eunuchi
2094 2335 2271 2373 eventus
2300 2332 2479 2386 eiusque

127 2402 318 2456 pretium,
349 2401 462 2456 quod
485 2401 647 2453 meruit,
677 2413 872 2454 magnam
895 2406 1055 2455 partem
1084 2402 1420 2457 metaphorarum
1449 2400 1705 2443 abundantia
1733 2400 1903 2443 effectus
1933 2401 1998 2452 sit,
2028 2400 2274 2454 praesertim
2302 2412 2401 2442 cum
2424 2401 2479 2443 iis

127 2468 417 2511 audacissimis
445 2468 625 2510 Terentii
665 2480 800 2510 sermo
841 2468 1051 2511 interdum
1081 2469 1220 2512 Plauti
1262 2469 1500 2512 simillimus
1540 2467 1612 2509 fiat
1652 2469 1773 2523 isque
1811 2468 1931 2509 miris
1969 2468 2059 2509 suis
2088 2472 2216 2523 atque
2246 2467 2479 2510 audacibus

127 2535 539 2578 adnominationibus
568 2536 657 2577 sive
686 2536 943 2590 amplissima
971 2536 1196 2578 verborum
1225 2538 1345 2592 copia
1373 2535 1527 2591 populo
1558 2535 1887 2576 iucundissimus
1922 2536 2059 2588 fuerit,
2089 2537 2212 2576 cuius
2248 2537 2478 2591 plurimum

127 2618 191 2645 res
221 2604 266 2645 in
295 2617 420 2645 scena
449 2604 515 2658 agi
546 2595 741 2645 intererat
770 2616 897 2657 quam
925 2603 1110 2645 maxime
1138 2605 1277 2646 varias
1306 2609 1346 2645 et
1374 2608 1540 2658 propter
1568 2602 1711 2644 turbas
1740 2603 2035 2657 tumultusque
2064 2603 2297 2656 actionum,
2338 2614 2477 2658 perso·

126 2684 276 2712 narum
308 2672 525 2726 ipsiusque
554 2671 768 2723 sermonis,
797 2675 844 2712 ut
873 2671 931 2711 ita
959 2670 1107 2723 dicam,
1137 2683 1329 2712 corruere
1358 2672 1456 2722 risu.

327 2737 591 2793 Quantopere
618 2738 799 2778 Terentii
839 2750 973 2777 sermo
1011 2738 1223 2791 expolitus
1252 2751 1300 2777 ac
1329 2738 1511 2778 liberalis
1546 2737 1599 2777 ab
1635 2750 1684 2777 eo
1715 2737 1855 2777 Plauti
1886 2737 2118 2789 abhorreat,
2159 2750 2214 2777 ex
2255 2738 2476 2789 utriusque

125 2811 270 2859 poetae
309 2806 562 2859 metaphoris
602 2805 862 2847 conferendis
902 2805 1064 2846 elucere
1093 2805 1176 2846 alio
1206 2806 1296 2847 loco
1326 2806 1412 2846 fore
1440 2810 1488 2846 ut
1516 2806 1791 2859 investigetur
1819 2818 1845 2846 a
1873 2804 2014 2857 nobis,
2055 2816 2281 2859 speramus.
2339 2802 2475 2858 Igitur

125 2873 193 2913 hic
222 2872 403 2914 breviter
430 2872 572 2914 licebit
601 2874 645 2913 in
674 2884 946 2927 personarum
973 2871 1217 2912 nominibus
1246 2873 1486 2927 saepissime
1514 2876 1729 2926 troporum
1753 2871 1930 2911 formam
1955 2872 2093 2912 inesse
2117 2870 2300 2925 denique
2327 2874 2473 2924 tanga·—

124 2954 236 2993 mus,
277 2941 398 2981 cuius
438 2954 573 2981 unum
614 2940 854 2994 exemplum
893 2953 1020 2993 supra
1058 2939 1335 2980 laudavimus.
1395 2939 1475 2980 Per
1509 2940 1841 2981 antonomasiam
1871 2940 2080 2994 permulta
2107 2939 2279 2979 nomina
2306 2938 2476 2992 propria

124 3012 261 3051 creata
289 3011 398 3062 sunt,
429 3020 536 3064 quae
565 3020 620 3051 ex
648 3007 794 3064 lingua
821 3018 969 3063 graeca
989 3005 1205 3050 Terentius
1235 3007 1280 3049 in
1308 3005 1470 3049 fabulas
1499 3018 1598 3049 suas
1627 3006 1850 3050 transtulit
1910 3006 2215 3050 Autonomasia
2241 3004 2474 3048 secundum

124 3080 335 3117 auctorem
364 3080 553 3117 nostrum
582 3080 661 3129 est,
700 3087 807 3129 quae
844 3075 1005 3129 aliquid
1033 3086 1108 3128 pro
1138 3076 1308 3115 nomine
1335 3075 1455 3127 ponit
1482 3079 1524 3115 et
1551 3086 1628 3128 per
1654 3075 1885 3128 epitheton,
1926 3075 2040 3128 quod
2080 3074 2262 3114 detracto
2296 3084 2363 3125 eo,
2402 3074 2474 3112 cui

124 3147 364 3199 apponitur,
404 3146 516 3186 valet
543 3158 619 3198 pro
647 3147 817 3186 nomine
844 3144 1042 3196 Tydides,
1082 3143 1247 3184 Pelides
1275 3149 1317 3184 et
1344 3156 1399 3184 ex
1427 3142 1565 3196 factis,
1607 3142 1763 3197 quibus
1803 3158 1982 3198 persona
2015 3143 2213 3197 signatur.
2271 3138 2341 3182 Ad
2380 3153 2474 3181 eam

123 3212 299 3254 formam
339 3211 644 3254 inlustrandam
685 3211 793 3253 duae
820 3208 974 3252 Donati
1016 3209 1068 3252 de
1105 3223 1154 3252 ea
1191 3209 1478 3253 adnotationes
1513 3210 1582 3252 hic
1623 3210 1803 3254 habeant
1843 3210 1999 3264 locum,
2040 3220 2148 3264 quae
2186 3222 2211 3251 a
2244 3206 2473 3250 Bitschelio

123 3278 297 3320 collatae
324 3279 371 3319 in
399 3279 491 3320 eius
520 3290 659 3334 opusc.
689 3278 830 3334 philol.
859 3276 938 3332 ΙΙΙ,
974 3290 1038 3333 pg.
1068 3278 1188 3329 350111
1222 3282 1398 3319 exstant.

2130 3344 2189 3387 3*
