2635 3544
146 342 261 383 quae
280 343 408 384 supra
426 329 704 372 laudavimus.
764 328 873 370 Vide
893 327 1012 370 VIII.
1034 330 1070 370 6.
1092 329 1147 377 5.)
1207 329 1261 371 Et
1285 330 1497 373 0110100οε
1529 327 1865 370 Discernendum
1896 334 1955 369 est
1983 328 2057 369 hoc
2087 335 2217 369 totum
2244 328 2496 383 (abusionis)

151 412 180 439 a
238 397 584 440 translatione
639 410 823 452 qenus,
885 396 985 451 quia
1047 396 1226 438 abusio
1286 404 1369 447 est,
1443 397 1515 437 ubi
1572 412 1718 438 nomen
1778 396 1975 451 defuit,
2044 395 2354 448 translatio,
2424 397 2498 438 ubi

149 465 302 506 aliud
331 465 431 517 fuit.

352 532 608 574 Adferamus
637 532 716 573 hoc
747 532 840 573 leco
872 532 998 573 liceat
1029 531 1262 583 Muetzelli,
1293 532 1373 571 viri
1404 531 1653 582 doctissimi,
1695 532 1747 574 do
1778 533 1855 574 hac
1886 546 1930 574 re
1962 534 2229 581 sententiam,
2270 533 2344 584 qui
2379 536 2495 585 post-

147 611 278 651 quam
307 601 351 641 in
385 600 739 641 commentatione
771 599 823 639 de
860 598 1258 639 translationum
1290 613 1398 652 quae
1422 597 1635 652 dicuntur,
1670 598 1790 653 apud
1807 597 1995 639 Curtium
2027 614 2103 639 usu
2127 598 2493 651 (Berolini1842)

149 668 346 707 veterum
376 666 629 718 scriptorum
661 665 713 707 de
743 666 1110 706 translationis
1140 667 1182 705 vi
1213 670 1256 706 et
1286 670 1435 705 natura
1467 668 1702 706 sententias
1733 667 1928 717 contulit,
1960 667 2010 707 ad
2043 680 2138 707 eum
2169 667 2221 707 de
2251 667 2496 707 abusione

148 732 449 788 disputationis
468 732 634 773 exitum
653 732 849 786 pervenit
867 734 914 773 ut
933 731 1037 774 haec
1052 730 1182 773 dicat:
1200 730 1285 773 Per
1303 729 1642 773 catachresem
1657 731 1837 787 ponitur
1855 731 2117 785 vocabulum,
2138 732 2250 788 quod
2269 748 2321 774 επ
2341 748 2387 774 eo
2407 731 2496 775 loco

149 801 195 838 in
225 814 305 854 quo
326 799 554 853 proprium
586 805 658 849 est,
699 800 745 837 in
767 800 1014 854 proaeimum
1046 798 1256 855 quendam
1287 805 1325 838 et
1355 799 1537 839 vicinam
1567 811 1650 840 non
1679 799 1769 840 sine
1800 798 1988 856 quadam
2018 798 2191 844 licentia
2220 797 2494 856 transfertur.

148 867 289 920 Igitur
342 868 423 908 etsi
474 880 615 918 neque
666 868 953 919 metaphoram
1009 868 1244 906 catachresi
1298 868 1533 906 subiectam
1588 880 1682 906 esse
1735 872 1950 919 tamquam
2000 869 2178 907 formam
2229 869 2402 923 generi,
2459 869 2495 908 is

149 935 266 976 recte
306 933 541 989 disputavit
584 946 724 988 neque
768 933 1055 977 catachrcsem
1097 933 1389 986 metaphorae,
1433 935 1545 976 inter
1581 935 1725 976 ambas
1756 936 2056 976 exornationes
2086 934 2306 986 diffluens,
2349 940 2397 975 01
2437 937 2496 975 ita

146 1001 299 1053 dicam,
331 1001 561 1041 discrimen
592 1002 801 1042 interesse
832 997 1010 1042 constat.
1071 998 1155 1042 Sed
1186 1000 1410 1042 redeamus
1440 1000 1552 1043 uude
1583 1000 1857 1043 devertimus.

348 1067 453 1109 Plus
483 1069 712 1110 intercedit
742 1070 854 1110 iuter
883 1069 1172 1122 metaphoram
1204 1073 1247 1110 et
1266 1070 1339 1122 qui
1359 1073 1611 1121 sequuntur,
1643 1070 1757 1110 inter
1783 1071 1927 1123 tropos
1946 1069 2128 1111 eikona.
2147 1070 2237 1112 sive
2257 1068 2494 1111 similitu-

148 1136 330 1190 dinem,
362 1137 719 1189 synekdoehen
753 1139 843 1179 sivo
869 1138 1300 1188 intellectionem,
1332 1137 1688 1188 metonymiam
1716 1136 1805 1177 sive
1836 1135 2321 1178 denominationem.
2380 1134 2495 1185 Quos

148 1205 184 1244 si
206 1204 301 1255 quis
319 1204 562 1245 accuratius
581 1204 842 1257 investigare
861 1205 990 1257 volet,
1006 1204 1215 1255 quomodo
1236 1208 1402 1245 veteres
1422 1203 1688 1256 grammatici
1707 1215 1779 1243 eos
1799 1202 2103 1257 descripserint
2122 1207 2165 1244 et
2184 1202 2438 1255 definierint,
2450 1204 2494 1244 in

145 1271 506 1313 commentatione
541 1270 764 1312 Muetzelli
809 1283 934 1322 quam
979 1284 1106 1323 supra
1153 1271 1439 1312 laudavimus.
1485 1271 1682 1322 reperiet.
1741 1268 1872 1310 Nobis
1920 1270 2104 1311 sufficiet
2153 1284 2358 1311 summam
2404 1271 2496 1310 eius

146 1337 460 1391 disputationis,
506 1338 663 1379 omissa
706 1337 924 1379 abusionis
954 1335 1214 1390 definitione,
1260 1336 1443 1378 adferre:
1494 1336 1823 1391 Metaphorae
1852 1337 2077 1392 proprium
2116 1344 2193 1389 est,
2239 1344 2284 1378 ut
2318 1343 2497 1392 propter

143 1403 466 1445 similitu-dinem
498 1404 824 1457 transferantur
853 1403 1060 1444 vocabula
1093 1418 1145 1443 ea·
1175 1404 1264 1444 loco
1290 1405 1468 1458 proprio
1506 1405 1546 1443 in
1579 1404 1708 1443 alium
1749 1403 1978 1459 quendam,
2026 1405 2099 1460 qui
2146 1405 2270 1460 quasi
2311 1389 2494 1460 quadam

145 1470 331 1528 imaqine
362 1471 453 1513 eius
482 1471 567 1522 rei,
613 1471 726 1512 uncle
755 1478 924 1526 smnpta
955 1471 1182 1513 translatio
1214 1479 1292 1522 est,
1336 1478 1563 1512 emm-netur
1606 1478 1643 1511 et
1672 1471 1935 1513 inlustretur.
1996 1472 2079 1512 Per
2108 1472 2496 1513 similitudinem

145 1538 396 1580 vocabulum
426 1553 509 1580 non
548 1539 594 1579 in
631 1538 811 1580 alterius
841 1538 1062 1579 cuiusdam
1091 1539 1309 1579 stationem
1342 1539 1467 1594 quasi
1494 1538 1699 1590 succedit,
1746 1538 1820 1579 sed
1849 1538 2114 1580 inlustrandi
2148 1554 2278 1580 causa
2310 1539 2497 1580 adicitur

148 1613 247 1647 ante
270 1607 425 1661 posito.
484 1606 570 1647 Per
598 1606 945 1661 synelcdochen
977 1621 1084 1660 quae
1111 1612 1329 1660 ponuntur
1361 1606 1580 1656 vocabula,
1610 1621 1875 1661 nequaquam
1907 1621 2027 1646 suam
2057 1608 2264 1647 notionem
2287 1607 2495 1659 amittunt,

146 1673 223 1714 sed
254 1673 313 1714 ad
343 1689 435 1714 eam
467 1673 695 1715 adsumunt
726 1672 907 1714 alteram
939 1673 1171 1729 quandam,
1218 1688 1325 1728 quae
1368 1689 1459 1714 cum
1497 1674 1572 1714 illa
1603 1675 1942 1723 coniunctissima
1985 1675 2039 1715 sit
2080 1689 2242 1715 necesse
2284 1681 2354 1715 est.
2414 1675 2496 1715 Per

147 1743 506 1796 metonymiam
537 1740 715 1795 denique
748 1755 856 1795 quae
886 1746 1151 1795 usurpantur
1180 1739 1397 1790 vocabula,
1440 1755 1523 1781 non
1554 1755 1599 1780 eo
1631 1740 1804 1781 consilio
1830 1747 2067 1794 ponuntur,
2110 1748 2156 1781 ut
2184 1756 2275 1781 eam
2306 1756 2413 1796 quae
2442 1742 2496 1781 iis

147 1808 335 1849 subiecta
363 1808 540 1863 proprie
572 1814 644 1858 est,
687 1807 894 1861 aclt‘erant
923 1808 1148 1858 notionem,
1192 1807 1267 1847 sed
1297 1813 1342 1846 ut
1373 1807 1559 1847 animum
1582 1822 1666 1862 per
1696 1807 1912 1863 quandam
1943 1808 2262 1849 necessitudinis
2289 1809 2492 1850 rationem

149 1874 210 1915 ad
237 1890 322 1916 ‘rem
355 1881 576 1929 coqnatam
608 1874 835 1925 deducant,
868 1889 993 1929 quam
1021 1875 1154 1915 solam
1185 1876 1322 1914 oratio
1354 1875 1582 1915 desiderat.

350 1942 635 1984 Abusionis
667 1945 708 1983 et
740 1944 934 1983 naturam
967 1944 1009 1983 et
1038 1941 1123 1983 vim
1155 1955 1237 1983 non
1259 1941 1442 1983 multum
1462 1941 1513 1983 ab
1533 1955 1583 1983 00
1602 1942 1925 1993 metaphorae
1944 1942 2167 1982 abhorrere
2187 1942 2491 1992 intelleximus,

148 2010 281 2062 igitur
309 2009 385 2050 has
414 2009 570 2050 formas
601 2010 644 2050 in
675 2008 1032 2050 commentatione
1078 2012 1223 2050 nostra
1267 2020 1350 2049 non
1388 2006 1682 2062 disiungemus
1720 2011 1762 2050 ot
1792 2008 1827 2050 si
1858 2020 1940 2061 qua
1970 2006 2184 2050 abusionis
2213 2009 2408 2063 exempla
2449 2011 2491 2051 in

148 2076 380 2115 comoediis
411 2078 664 2115 τοι-0111101118
696 2080 885 2116 exstant.
917 2078 1030 2114 inter
1065 2077 1333 2128 metaphoras
1365 2086 1665 2116 enumeremus
1696 2075 1835 2117 liceat.
1897 2074 2312 2116 Similitudinum
2341 2074 2491 2118 deinde

147 2144 229 2185 etsi
260 2146 465 2194 quantum
497 2145 610 2184 inter
638 2155 711 2184 008
743 2147 785 2184 01
815 2143 1115 2183 translationes
1137 2142 1387 2192 intercedat,
1418 2145 1854 2194 commemoravimus,
1886 2156 2089 2182 numerus
2113 2144 2223 2194 apud
2249 2142 2492 2183 Terentium

144 2212 232 2250 tam
263 2221 419 2263 parvus
449 2210 684 2263 reperitur,
734 2213 780 2251 ut
818 2209 945 2250 otiam
980 2220 1056 2250 eae
1088 2208 1200 2249 hunc
1231 2207 1372 2249 locum
1403 2207 1632 2250 obtineant.
1694 2207 1815 2258 Quod
1846 2208 2029 2261 deniquo
2057 2207 2109 2249 ad
2140 2209 2492 2261 synekdochen

144 2278 302 2317 attinet
333 2278 422 2317 sive
453 2277 892 2327 intellectionem,
936 2288 1044 2326 quae
1082 2288 1136 2315 ex
1167 2275 1470 2316 nonnullorum
1501 2276 1756 2316 testimoniis
1786 2278 1980 2316 veterum
2011 2288 2035 2315 a
2066 2277 2376 2327 metonymia
2406 2277 2491 2318 dis-

148 2342 334 2395 paranda
365 2344 535 2384 omniuo
566 2357 648 2384 non
681 2348 759 2395 cst,
792 2343 1056 2383 necessarias
1089 2342 1273 2382 maxime
1302 2345 1429 2393 atque
1460 2356 1483 2382 a
1514 2342 1711 2384 Terentio
1741 2344 1784 2382 in
1815 2355 1940 2383 usum
1973 2346 2162 2395 receptas
2194 2355 2490 2397 exsequemur,

145 2422 402 2461 quamquam
432 2423 533 2463 prae
563 2411 719 2451 ceteris
750 2409 1128 2450 translationes
1160 2407 1347 2449 Terentii
1379 2421 1487 2459 quae
1517 2409 1730 2462 dicuntur,
1763 2409 2060 2462 spectabimus.

349 2476 505 2517 Earum
537 2478 601 2517 vis
632 2477 770 2518 omnis
789 2490 814 2517 a
838 2474 1103 2525 Quintiliano
1135 2477 1241 2516 miro
1273 2488 1369 2515 cum
1401 2488 1611 2517 consensu
1643 2478 1831 2518 omnium
1862 2476 1953 2517 fere
1983 2477 2351 2529 grammaticorum
2382 2474 2491 2518 anti‘-

147 2555 326 2595 quorum
358 2544 681 2598 quadruplex
712 2543 990 2597 describitur,
1036 2555 1134 2584 cum
1176 2543 1220 2583 in
1251 2542 1378 2583 rebus
1408 2543 1717 2585 animalibus
1746 2543 1860 2585 aliud
1891 2556 1966 2597 pro
1996 2543 2079 2584 alio
2110 2545 2297 2598 ponitur,
2339 2544 2492 2587 deinde

145 2612 371 2652 inanima
402 2625 477 2665 pro
507 2612 601 2653 aliis
631 2612 802 2666 generis
834 2610 1025 2652 eiusdem
1057 2614 1299 2663 sumuntur,
1329 2611 1507 2652 tertium
1536 2625 1632 2652 cum
1663 2625 1738 2664 pro
1765 2612 1892 2653 rebus
1924 2611 2226 2652 animalibus
2256 2613 2492 2665 inanima,

144 2678 330 2730 denique
374 2680 612 2720 animalia
657 2691 732 2731 pro
776 2678 862 2719 rob
876 2691 933 2718 us
971 2690 1123 2718 sensu
1155 2677 1451 2718 carentibus
1482 2682 1708 2732 ponuntur.
1769 2677 1887 2727 Quae
1917 2676 2222 2731 quadripartita
2252 2679 2492 2722 distributio

144 2758 402 2797 quamquam
433 2759 509 2799 per
537 2750 600 2787 101
630 2747 801 2787 saecula
830 2746 882 2786 ab
913 2745 1171 2786 doctissimis
1208 2748 1271 2785 tot
1301 2745 1404 2784 viris
1434 2749 1638 2799 usurpata
1669 2749 1734 2786 est
1766 2749 1808 2786 et
1839 2745 1939 2785 licet
1970 2748 2178 2796 quotquot
2205 2746 2397 2787 accidere
2427 2748 2492 2787 in-

144 2812 381 2866 tellegique
411 2817 589 2864 possunt
618 2813 907 2865 metaphorae,
953 2811 1005 2851 ad
1035 2811 1131 2851 illas
1162 2817 1306 2864 partos
1338 2813 1556 2854 commode
1587 2825 1658 2854 eas
1689 2812 1839 2854 referri
1869 2823 2018 2852 verum
2049 2812 2122 2863 sit,
2154 2812 2273 2853 nobis
2303 2813 2347 2853 in
2378 2826 2491 2854 com-

145 2880 410 2920 mentatione
446 2891 530 2919 nou
560 2880 717 2932 placet,
763 2891 860 2919 cum
903 2882 1046 2919 nostra
1092 2879 1277 2918 maxime
1316 2892 1368 2919 ex
1406 2879 1560 2930 quibus
1596 2880 1709 2920 vitae
1745 2878 1979 2919 rationibus
2014 2880 2087 2918 aut
2122 2879 2314 2930 partibus
2350 2891 2493 2920 rerum

145 2950 322 2986 naturae
353 2948 478 2998 poeta
507 2946 774 2997 metaphoras
811 2945 1058 2997 sumpserit,
1105 2945 1276 2985 intersit
1307 2947 1546 2997 exquirere.
1608 2943 1715 2985 Nam
1756 2944 1827 2984 ubi
1872 2949 1914 2985 01
1957 2945 2093 2996 quoad
2138 2950 2288 2998 poetae
2327 2948 2493 2988 animus

143 3013 514 3065 cogitationesque
545 3017 738 3052 versatae
769 3013 867 3063 sint,
900 3024 952 3052 ex
985 3012 1240 3064 imaginibus
1272 3025 1488 3065 apparere,
1519 3012 1570 3052 ab
1602 3025 1651 3053 00
1682 3012 1846 3064 potitis.
1897 3013 2115 3052 verissimo
2146 3011 2322 3053 Pierson
2357 3013 2492 3065 affert,

144 3091 242 3119 cum
284 3079 328 3118 in
373 3078 495 3118 initio
538 3079 906 3118 commentationis
948 3077 999 3117 dc
1034 3077 1171 3118 Persii
1209 3080 1465 3132 metaphoris
1507 3078 1602 3130 (1111.
1635 3077 1744 3119 Mus.
1777 3091 1817 3119 11.
1849 3079 1876 3119 f.
1907 3077 2006 3119 XII.
2039 3091 2105 3132 pg.
2140 3080 2203 3119 88,
2236 3078 2345 3132 sqq.)
2390 3081 2493 3122 11000

141 3145 339 3187 adnotat:
373 3146 458 3189 §Der
489 3144 638 3197 geiitigc
657 3144 830 3197 guitmtb
858 3145 987 3198 (since
1008 3145 1202 3197 ‘Dicbtcrel
1232 3146 1328 3188 mirb
1360 3146 1528 3199 menissct
1559 3146 1759 3197 0050110001
1791 3147 1900 3198 hurd)
1931 3145 2015 3195 bas,
2046 3156 2182 3188 menon
2214 3157 2254 3188 er
2283 3147 2396 3196 tebet,
2427 3147 2493 3189 ale

143 3210 254 3264 hurd)
284 3212 344 3255 hie
375 3211 449 3255 art
478 3212 547 3255 mic
579 3223 620 3254 cr
649 3211 766 3254 tebet.
826 3212 930 3254 911011
962 3209 1054 3260 mul}
1086 3210 1154 3260 auf
1185 3212 1244 3254 bic.
1268 3213 1524 3265 (tinflcibung
1556 3214 1635 3254 nub
1665 3213 1722 3254 bic
1743 3211 1986 3263 (sl-inidncbicl
2016 3213 2081 3254 ber
2100 3212 2303 3256 6500011100
2334 3214 2492 3265 metten.

143 3278 221 3322 min
251 3290 346 3322 man
377 3279 463 3322 eine
493 3278 605 3333 recbtc
637 3278 892 3333 *linicbmumg
924 3288 1000 3320 nou
1031 3280 1101 3321 beu
1128 3279 1285 3329 chiicn
1313 3281 1528 3332 0010001011,
1560 3280 1599 3320 in
1631 3281 1750 3321 bcncn
1784 3280 1849 3321 ber
1878 3279 1980 3328 (sciit
2013 3281 2082 3321 bez
2114 3280 2324 3332 sptedycts
2353 3279 2417 3333 fid)
2448 3292 2493 3331 ἦν.
