2635 3544
1298 269 1324 297 O

1228 312 1262 319 ,ff
1274 311 1290 320 -,
1304 310 1403 320 w
1414 310 1437 317 A.

139 388 318 444 bemegen
363 389 492 443 pflegt.
541 414 592 419 —
636 390 830 443 ffiemnad)
859 392 978 445 geben
1007 393 1079 434 mit
1109 391 1232 445 fimet,
1276 401 1388 433 menn
1416 391 1489 433 mu·
1517 401 1584 444 5ut
1615 390 1872 444 fflbgtensung
1903 389 2030 438 {einez
2059 389 2239 444 geistigen
2269 376 2481 445 ᾦοτῖὒοητΰ

140 458 223 501 unb
253 470 320 512 gut
348 455 633 511 &bctaftetiftif
662 458 880 510 berienissen
911 458 1078 509 &ebicta
1108 460 1150 501 in
1180 460 1301 501 neuen
1331 470 1372 500 et
1401 470 1445 511 311
1474 458 1601 512 {ionic
1630 458 1683 507 iit,
1714 457 1783 504 auf
1813 457 1913 507 {cinc-
1943 457 2180 509 fflletanbem
2210 457 2425 510 binmeifen.

342 524 480 578 Igitur
523 524 649 565 aliam
689 537 767 578 age
812 537 1040 577 sequamur
1067 527 1351 580 partitionem,
1396 539 1477 578 qua
1522 531 1716 566 veterum
1752 524 1803 566 de
1839 525 2032 579 partibus
2069 525 2165 579 lege
2196 539 2280 567 non
2309 538 2481 579 prorsus

136 594 297 634 omissa
327 592 515 633 Terentii
543 592 811 645 metaphoras
840 593 885 632 in
914 605 1009 633 eum
1041 593 1230 634 ordinem
1260 595 1584 646 investigemus,
1629 599 1677 633 ut
1719 594 1935 646 primum
1980 592 2033 633 dc
2064 606 2115 633 eo
2155 605 2313 646 genere
2343 596 2481 633 trans-

139 659 348 701 lationum
376 659 629 712 disseratur,
674 658 787 711 quod
824 662 891 700 est
934 671 1029 700 cum
1060 660 1281 713 vocabula,
1327 672 1435 712 quac
1479 661 1683 713 propria
1728 665 1845 701 sunt
1887 661 1936 700 in
1972 660 2231 702 hominum
2271 670 2482 712 corpore

137 737 419 776 eorumque
449 725 858 777 condicionibus,
902 725 1236 779 transferuntur,
1280 726 1501 766 alterum
1544 739 1679 780 genus
1722 728 1795 779 sit,
1844 727 1917 766 ubi
1960 727 2167 766 vocabula
2204 727 2482 766 bestiarum

139 794 342 846 propria
385 791 588 833 mutando
629 795 926 843 assumuntur,
969 794 1198 845 tertium,
1243 806 1326 844 quo
1373 794 1596 834 inanima
1638 793 1957 833 transferuntur
2000 798 2043 833 et
2087 806 2197 844 quae
2225 795 2393 833 insunt
2432 793 2483 832 in

139 871 306 903 rerum
337 861 518 902 natura
548 861 591 901 et
610 869 718 912 quae
749 857 1066 914 cogitatione
1096 861 1290 903 tantum
1319 858 1528 902 humana
1559 859 2048 914 comprehendimus.
2111 858 2194 903 Sed
2215 873 2313 903 cum
2333 859 2484 902 harum

136 927 404 982 pagellarum
433 929 577 968 certus
607 927 952 979 constitutusque
983 927 1038 968 sit
1057 939 1271 981 numerus,
1301 926 1393 968 fieri
1412 939 1497 968 non
1515 929 1669 981 potest,
1701 931 1748 968 ut
1777 927 2103 981 quibuscunque
2129 926 2482 969 translationibus

138 999 264 1047 poeta
309 1009 413 1034 usus
458 999 541 1046 est,
586 995 774 1034 breviter
816 995 895 1033 hae
929 994 1062 1034 ferme
1091 999 1338 1048 tangantur,
1382 997 1514 1047 igitur
1543 1008 1651 1045 quae
1680 997 1950 1047 metaphorae
1980 998 2023 1034 in
2054 1008 2325 1034 communem
2354 1007 2483 1034 usum

134 1061 336 1103 abierunt
365 1061 483 1113 adeo,
514 1061 669 1113 quibus
700 1073 846 1102 omnes
877 1063 923 1102 ut
952 1061 1132 1114 propriis
1163 1062 1229 1103 usi
1260 1062 1357 1113 sint,
1388 1053 1779 1114 praetermittamus
1808 1062 1955 1103 licebit
1984 1076 2068 1104 eas.

340 1130 484 1182 Atque
515 1133 562 1171 ut
591 1130 676 1170 iam
705 1128 1004 1182 intellegamus
1035 1129 1187 1180 quibus
1217 1128 1441 1171 Terentius
1481 1129 1738 1182 metaphoris
1784 1142 1886 1170 usus
1931 1131 2003 1183 sit,
2049 1131 2219 1171 initium
2262 1130 2481 1184 capiamus

135 1197 190 1239 ab
204 1197 506 1239 vocabulorum
518 1196 881 1248 translationibus,
896 1209 1003 1247 quae
1018 1198 1184 1249 propria
1197 1199 1351 1238 suntin
1367 1209 1578 1249 corpore
1598 1198 1812 1238 humano
1831 1199 2043 1249 eiusque
2060 1198 2304 1250 partibus.
2335 1198 2480 1248 Atque

139 1262 342 1316 quoniam
373 1276 518 1305 earum
548 1262 762 1316 duplicem
792 1275 886 1305 esse
906 1267 1097 1304 naturam
1122 1263 1386 1305 laudavimus
1406 1268 1448 1305 ct
1466 1268 1540 1305 aut
1558 1276 1734 1305 nomen
1764 1263 1987 1305 transferri
2005 1267 2146 1317 potest
2163 1267 2237 1305 aut
2257 1264 2478 1316 verbum,

138 1343 236 1371 eam
278 1332 448 1384 generis
489 1335 653 1383 partem
697 1330 896 1382 bipartito
938 1330 1194 1370 disseramus
1237 1334 1278 1370 et
1320 1331 1385 1370 his
1427 1332 1685 1383 metaphoris
1721 1330 2015 1384 disiungendis
2054 1332 2106 1370 iis
2147 1342 2255 1382 quae
2289 1329 2393 1371 fiant
2435 1331 2479 1370 in

141 1398 359 1439 vocabulis
389 1398 615 1451 corporis
645 1397 849 1437 humani
878 1398 1076 1450 propriis,
1122 1402 1164 1438 et
1193 1398 1245 1437 iis
1281 1409 1389 1449 quae
1419 1398 1470 1438 ad
1501 1399 1594 1438 eius
1623 1399 1853 1438 actiones
1883 1401 1957 1438 aut
1986 1397 2223 1438 adfectus
2253 1399 2477 1449 attineant,

139 1465 408 1519 grammatici
435 1464 636 1517 anonymi
664 1475 890 1516 sequemur
918 1466 1155 1518 praecepta,
1186 1475 1312 1517 quem
1343 1462 1531 1505 Walzius
1561 1464 1723 1518 primus
1753 1463 1897 1506 edidit.
1957 1463 2084 1518 Apud
2114 1476 2212 1506 eum
2242 1464 2319 1506 hac
2349 1463 2402 1506 de
2432 1476 2478 1505 re

140 1532 345 1585 leguntur
372 1532 504 1572 latine
523 1532 727 1572 translata-
745 1532 866 1572 haec:
896 1532 1236 1586 metaphorarum
1263 1531 1377 1571 aliae
1408 1531 1460 1570 ab
1481 1533 1681 1572 actione.
1708 1533 2034 1585 transferuntur
2062 1532 2106 1572 in
2137 1533 2394 1583 actionem,
2425 1531 2478 1571 ab

138 1598 329 1639 animis
361 1605 436 1638 aut
465 1598 708 1639 inanimis
739 1598 853 1639 aliae
882 1599 927 1639 in
956 1599 1186 1639 inanima
1219 1605 1293 1639 aut
1324 1599 1519 1651 anima;
1563 1599 1687 1639 huius
1728 1599 1911 1654 easempli
1944 1599 2090 1654 qratia
2119 1599 2272 1652 Aiane,
2310 1598 2479 1653 primus

146 1665 437 1717 Telamonius,
484 1665 745 1707 Achaeo-rum
790 1680 932 1721 sepes
977 1666 1088 1719 (vide
1118 1666 1167 1707 Il.
1197 1665 1271 1707 VI.
1302 1666 1357 1718 ὃ.)
1399 1665 1519 1707 illius
1562 1680 1694 1707 causa
1738 1681 1826 1707 cum
1870 1681 1951 1722 pro
1996 1665 2254 1708 suadendo
2298 1666 2479 1708 sumitur

140 1733 310 1775 verbum
356 1733 585 1774 teaeendi.
646 1733 786 1787 (Rhet.
819 1747 879 1787 gr.
911 1732 955 1773 T.
986 1732 1104 1773 VIII.
1136 1746 1203 1787 pg.
1237 1734 1335 1787 780,
1376 1733 1464 1788 24.)
1523 1733 1660 1782 Quem
1702 1735 1840 1775 locum
1874 1734 2147 1775 Muetzellius
2188 1736 2230 1774 in
2261 1747 2476 1775 commen-

138 1803 301 1843 tatione
332 1814 458 1853 quam
487 1814 612 1854 saepe
642 1800 920 1852 laudavimus,
951 1800 1170 1840 nobiscum
1199 1801 1536 1841 communicavit.

344 1868 492 1920 [taque
521 1870 656 1921 primo
675 1868 767 1909 loco
787 1867 1012 1919 dicendum
1040 1868 1121 1908 erit
1140 1867 1191 1909 de
1209 1868 1569 1920 translationibus,
1599 1879 1708 1920 quae
1738 1866 1847 1908 fiunt
1877 1869 1919 1908 in
1951 1868 2216 1909 vocabulis
2247 1869 2477 1922 corporis

138 1937 357 1975 humani.
416 1935 483 1974 Ex
513 1947 596 1987 quo
626 1947 782 1989 genere
814 1938 931 1973 suut:
975 1939 1138 1988 capnt.
1196 1934 1325 1974 Andr.
1356 1934 1455 1974 458:
1487 1934 1579 1973 illic
1609 1941 1668 1974 est
1697 1934 1793 1973 huic
1823 1934 1888 1974 rei
1917 1942 2080 1989 caput.
2139 1935 2217 1976 Ad.
2249 1934 2350 1977 568:
2381 1935 2477 1974 kuic

138 2004 206 2041 rei
235 2009 400 2055 caput.
431 2026 485 2031 —
514 2003 656 2041 Aliter
686 2014 753 2040 res
784 2014 829 2040 se
859 2001 984 2039 habet
1014 2002 1056 2039 in
1087 2001 1342 2052 metaphoris
1372 2013 1479 2051 quae
1509 2006 1757 2053 sequuntur,
1799 1989 1871 2040 ubi
1901 2009 2051 2056 caput
2080 2015 2156 2055 pro
2187 2004 2277 2055 ipsa
2307 2002 2478 2040 vivendi

138 2069 450 2124 significatione
480 2069 714 2110 adhibetur.
774 2068 904 2109 Andr.
937 2068 1035 2109 677:
1078 2068 1197 2121 capi
1208 2069 1275 2108 tis
1312 2067 1519 2120 periclum
1565 2068 1701 2109 adire.
1758 2068 1863 2109 Hec.
1895 2069 1989 2120 333,
2024 2070 2069 2109 4:
2113 2069 2295 2123 Aliquid
2331 2069 2476 2109 tulisse

137 2135 502 2179 comminiscentur
529 2133 635 2177 mali
665 2133 827 2191 capiti
855 2132 1038 2175 illorum.
1099 2131 1215 2185 Quae
1244 2132 1435 2177 vocabuli
1465 2133 1529 2176 vis
1559 2134 1602 2176 in
1621 2133 1973 2178 consuetudinem
2005 2148 2275 2179 communem
2303 2149 2478 2190 prorsus

135 2206 256 2245 abiit.
309 2204 512 2244 Proxime
542 2204 706 2243 accedit
735 2203 815 2241 Ad.
836 2202 935 2242 723:
956 2202 1136 2255 flayz'tia
1166 2202 1431 2256 capitalia.
1491 2202 1631 2242 Semel
1660 2206 1703 2241 et
1733 2203 2018 2254 metonymice
2047 2203 2221 2254 quidem
2240 2205 2478 2257 reperimus

138 2271 407 2311 cerebrum.
465 2271 544 2311 Ad.
576 2270 676 2310 571:
709 2269 967 2309 diminuetur
997 2268 1073 2309 {ibi
1102 2268 1743 2309 cerebrum.—Lacri‘mula
1775 2283 1799 2309 a
1830 2283 1906 2310 suo
1936 2270 2030 2310 loco
2058 2271 2266 2311 translata
2284 2275 2350 2311 est
2368 2270 2478 2311 Eun.

137 2338 212 2381 67:
254 2337 356 2378 haec
398 2336 524 2377 verba
568 2336 647 2377 illa
692 2350 780 2376 una
821 2350 884 2377 me
927 2335 1064 2376 hercle
1097 2335 1227 2390 falsa
1272 2335 1551 2376 lacrimula.
1600 2358 1646 2364 -
1690 2334 1782 2377 Hoc
1814 2349 1967 2389 agmen
1997 2340 2121 2390 cogat
2143 2351 2235 2391 pes
2265 2337 2344 2380 Ad.
2376 2337 2478 2379 227:

136 2420 345 2460 nusquam
367 2403 556 2459 pedem.
605 2402 822 2456 Perpauca
852 2403 1048 2456 exempla
1078 2403 1205 2444 huius
1225 2415 1333 2448 usus
1357 2402 1467 2455 apud
1485 2401 1730 2443 Terentium
1750 2407 1935 2456 exstant,
1966 2404 2128 2444 cumin
2159 2404 2269 2458 aliis,
2300 2418 2410 2458 quae
2429 2419 2479 2447 eo

136 2484 315 2514 numero
351 2471 502 2513 referri
532 2474 722 2524 possunt,
767 2474 840 2511 aut
873 2471 1157 2522 metonymiae
1202 2470 1266 2509 vis
1297 2470 1398 2510 insit
1428 2472 1501 2510 aut
1530 2470 1773 2511 coniunctio
1807 2474 1851 2511 ut
1882 2471 1940 2511 ita
1970 2469 2121 2523 dicam,
2167 2473 2352 2514 nominis
2382 2485 2481 2514 cum

135 2539 266 2581 verbo
296 2540 368 2592 ita,
398 2541 447 2579 ut
476 2538 616 2591 aptius
645 2537 728 2578 alio
759 2537 850 2577 loco
880 2549 930 2577 ea
953 2536 1224 2577 disseramus.
1244 2559 1297 2565 —
1318 2535 1437 2585 Quod
1463 2536 1514 2576 ad
1544 2536 1714 2576 nomina
1741 2535 1953 2577 adiectiva
1971 2540 2140 2593 attinet,
2171 2551 2280 2592 quae
2311 2542 2481 2593 propria

137 2608 183 2648 in
211 2618 425 2660 corpore
454 2605 665 2646 humano
686 2608 728 2646 ct
747 2608 821 2646 aut
839 2605 1092 2646 actionem
1122 2607 1196 2645 aut
1224 2602 1476 2645 adfectum
1511 2602 1795 2657 significantia
1825 2605 2032 2648 translata
2050 2609 2301 2661 reperimus,
2332 2621 2480 2650 eorum

136 2686 344 2716 numerus
376 2677 520 2713 tantus
550 2676 722 2723 tamque
751 2673 894 2712 varius
912 2675 976 2712 est
996 2675 1043 2712 ut
1062 2671 1250 2712 ordinem
1271 2672 1406 2711 secuti
1426 2672 1468 2710 in
1489 2671 1654 2711 litteras
1684 2671 1898 2724 digestum
1929 2686 1979 2714 ea
2008 2687 2310 2716 enumeremus
2340 2675 2478 2727 liceat.

136 2744 233 2794 post
262 2739 468 2783 nonnulla
497 2740 693 2792 exempla
722 2738 960 2781 adferamus
991 2737 1312 2790 significationis
1342 2750 1477 2779 causa.

338 2805 562 2859 absurdus,
602 2812 812 2860 aeqrotus,
844 2804 1041 2856 callidus,
1072 2804 1261 2857 clemens,
1292 2819 1467 2859 compos,
1500 2804 1663 2856 dexter,
1695 2804 1908 2859 d{r'jicz'lis‚
1941 2806 2093 2858 ebrius,
2128 2808 2292 2860 facilis,
2321 2809 2477 2862 qravis,

136 2874 342 2928 impurus,
361 2873 535 2927 inteyer,
556 2872 706 2925 lassus,
726 2872 881 2924 lautus,
901 2872 1015 2926 levis,
1036 2871 1236 2927 liquidus,
1256 2878 1406 2916 mutus.
1427 2870 1618 2925 obnixus,
1639 2873 1827 2924 omissus,
1843 2873 2011 2928 plenus,
2027 2890 2248 2930 praeceps,
2261 2875 2479 2930 proclivis,

134 2940 347 2996 proliaeus,
392 2954 542 2994 purus,
588 2941 765 2996 quietus,
809 2954 950 2991 sanus,
994 2945 1128 2990 satur,
1172 2938 1347 2989 sobrius,
1392 2938 1570 2990 stabilis,
1615 2939 1808 2992 stolidus,
1838 2941 2049 2996 stupidus,
2079 2943 2246 2997 surdas,
2277 2942 2480 2994 sublatus,

137 3013 282 3059 tenaoe,
313 3007 449 3047 tenuis
479 3006 751 3062 tranquillus,
783 3007 927 3048 tristis.

338 3073 472 3114 Andr.
504 3073 603 3115 857:
648 3075 813 3115 tristis
857 3075 1070 3115 severitas.
1114 3096 1168 3103 —
1212 3073 1344 3113 Andr.
1384 3074 1479 3114 193:
1528 3074 1712 3114 animum
1752 3082 2023 3128 aeyrotum.
2083 3076 2161 3117 Ad.
2200 3076 2297 3117 764:
2341 3076 2478 3115 laute

136 3154 289 3180 munus
319 3139 632 3182 administrasti
674 3148 803 3183 tuum.
864 3140 981 3190 Quae
1021 3140 1213 3193 exempla
1257 3139 1472 3182 sufficient
1515 3141 1567 3182 ad
1611 3140 1736 3182 usum
1773 3143 2087 3184 inlustrandum
2123 3145 2195 3194 qui
2233 3144 2479 3185 notissimus

137 3211 206 3249 est
235 3219 376 3260 neque
406 3208 624 3251 obscurus.

340 3273 477 3318 Multo
506 3277 678 3319 uberior
707 3276 840 3317 altera
859 3276 986 3317 huius
1005 3276 1164 3318 formae
1182 3288 1279 3329 pars
1298 3280 1377 3329 est,
1406 3287 1488 3328 qua
1513 3287 1622 3328 quac
1641 3277 1809 3329 propria
1841 3284 1938 3318 sunt
1970 3279 2194 3331 corporis
2224 3278 2478 3319 actionum

138 3341 357 3395 vocabula,
401 3354 450 3383 ea
491 3344 713 3385 transferri
758 3343 958 3385 diximus.
1024 3342 1212 3392 Quorum
1260 3355 1357 3384 cum
1403 3356 1607 3384 numerus
1652 3355 1843 3384 summus
1885 3346 1940 3384 sit
1982 3350 2025 3386 et
2057 3347 2162 3385 ratio
2205 3357 2287 3384 non
2318 3343 2479 3397 eadem,
