2635 3544
1312 166 1365 208 10

153 299 428 342 referendum
456 298 628 339 videtur
652 297 787 339 Andr.
805 297 908 339 548:
940 313 1013 341 oro
1045 307 1097 352 te,
1125 301 1170 341 in
1200 315 1412 341 commune
1441 306 1488 341 ut
1517 299 1724 340 consulas.
1755 321 1808 331 -
1837 299 1906 341 Ab
1934 300 2152 340 hominum
2184 306 2351 340 aetate
2379 313 2508 353 quam

155 368 287 409 verbo
316 369 556 419 tangamus,
600 364 875 419 depromptae
905 367 986 409 hae
1015 370 1118 409 sunt
1146 367 1447 409 translationes
1475 366 1601 409 Phor.
1630 366 1702 409 49:
1748 365 1821 407 ubi
1849 364 2153 407 initiabant.
2184 390 2239 397 —
2266 366 2399 409 Andr.
2430 367 2506 409 51:

155 432 335 475 eaecessit
363 445 416 473 eae
447 430 660 487 ephebis.
690 454 744 463 -
773 431 909 475 Andr.
939 433 1041 476 449:
1071 432 1340 475 Puerilest.
1372 456 1423 464 —
1452 432 1653 475 Fortasse
1671 432 1750 476 Ad.
1769 432 1871 476 304:
1901 431 2044 474 hocine
2073 431 2508 477 saeclum—Uno

154 500 249 542 loeo
292 499 550 540 ambiendi
591 499 771 540 verbum
816 512 916 541 eum
956 501 1243 554 pulcherrima
1282 501 1518 541 mutatione
1559 500 1831 555 adsumptum
1871 504 1937 541 est
1965 500 2097 541 Andr.
2126 500 2227 541 373:
2272 500 2358 541 nisi
2397 500 2508 541 senis

155 567 312 608 amicos
341 581 454 619 oras,
485 565 632 607 ambis.

359 634 600 677 Nonnullas
631 633 787 677 deinde
816 635 1085 689 metaphoras
1115 633 1339 676 Terentius
1369 648 1393 675 a
1412 633 1520 688 foro
1551 633 1687 676 duxit.
1746 635 1892 688 Atque
1935 648 2029 677 eam
2072 636 2117 676 in
2161 636 2223 677 eis
2265 635 2507 689 spectandis

158 713 392 755 sequemur
419 702 709 756 partitionem,
741 714 825 755 qua
854 702 1037 757 primum
1070 701 1121 743 de
1150 700 1369 743 vocabulis
1388 700 1660 755 disseramus,
1691 713 1801 754 quae
1818 703 1989 757 propria
2007 702 2169 744 suntin
2198 702 2348 745 rebus
2378 701 2507 744 iudi-

100 808 102 810 ,
155 770 393 822 cialibus,
420 773 514 811 tum
546 769 599 810 de
629 770 697 822 iis,
727 781 838 822 quae
857 782 881 809 a
900 769 1199 810 commercio
1224 771 1395 821 sumpta
1411 771 1523 808 sunt.
1583 767 1741 809 Iudeae
1759 768 1864 809 Heo.
1884 769 1988 809 254:
2019 769 2274 823 corrigemus
2302 776 2339 809 te
2367 769 2508 810 iudice

155 836 263 891 ipso.
300 861 344 866 -
379 834 511 878 Haut.
543 835 645 878 213:
681 833 819 885 Quam
849 835 984 891 iniqui
1011 841 1106 877 sunt
1127 840 1279 888 patres
1307 834 1353 875 in
1383 848 1521 875 omnes
1551 831 1841 876 adulescentes
1869 833 2042 876 iudices.
2076 858 2123 865 —
2156 834 2285 879 Haut.
2310 835 2411 878 352:
2448 834 2507 877 Tu

157 916 200 944 es
229 902 383 955 iudea),
427 917 480 943 ne
511 902 618 958 quid
649 903 913 944 accusandus
940 903 998 943 sis
1033 902 1141 942 vide.
1185 924 1241 930 —
1286 902 1427 942 Semel
1458 899 1657 940 arbiter
1685 901 1765 941 Ad.
1799 901 1897 942 123:
1942 901 2044 941 cedo
2074 903 2259 956 quemvis
2288 902 2508 943 arbitrum.

157 968 266 1011 Tum
295 969 555 1011 vocabulum
585 969 667 1010 lea·
697 969 823 1012 Phor.
842 969 943 1011 533:
975 983 1065 1009 mea
1097 968 1185 1023 leye
1215 975 1328 1009 utar.
1347 991 1403 997 —
1423 967 1553 1008 Andr.
1579 967 1680 1009 200:
1713 982 1764 1007 ea
1794 967 1884 1023 leqe
1915 974 2040 1023 atque
2071 968 2219 1008 omine.
2250 992 2304 1017 .·-·
2333 969 2412 1010 Ad.
2432 969 2508 1010 52:

150 1052 237 1093 pro
267 1051 358 1078 meo
387 1038 482 1077 iure
513 1052 653 1092 ayere.
698 1061 754 1068 —
797 1036 866 1078 Ad
895 1050 1090 1078 eausam
1129 1037 1370 1088 litemque
1406 1036 1590 1077 attinent
1619 1036 1724 1076 haec
1753 1035 1960 1077 vocabula
1982 1036 2269 1090 procedere
2297 1037 2376 1078 Ad.
2408 1037 2508 1079 979:

151 1104 403 1160 processisti
427 1103 620 1159 pulchre.
651 1128 690 1133 —
712 1104 793 1145 Ad.
813 1104 913 1146 897:
944 1103 1043 1144 bene
1067 1102 1278 1158 procedit.
1302 1126 1344 1132 -
1378 1102 1603 1153 Vincere,
1634 1103 1758 1143 euius
1786 1103 1906 1143 verbi
1934 1104 2130 1157 proprius
2159 1104 2279 1144 locus
2307 1105 2351 1144 in
2382 1116 2511 1146 eausa

158 1176 228 1214 est
258 1171 392 1212 Andr.
428 1169 528 1212 892:
569 1170 731 1214 viceris.
763 1194 812 1200 —
851 1170 1012 1211 Testis
1041 1171 1120 1212 Ad.
1151 1170 1252 1212 347:
1298 1169 1413 1209 testis
1440 1183 1597 1209 mecum
1629 1175 1688 1209 est
1718 1168 1883 1210 anulus.
1915 1193 1970 1199 -
2003 1170 2185 1211 Tutela
2213 1170 2317 1212 Hec.
2349 1170 2422 1213 52:
2465 1171 2511 1211 in

159 1239 339 1280 tutelam
369 1253 506 1279 meam
535 1239 746 1279 commisit.
776 1261 831 1268 -
860 1238 1063 1278 Rivalis
1091 1237 1199 1278 Eun.
1230 1236 1331 1278 268:
1368 1236 1489 1277 video
1519 1235 1672 1277 rivalis
1699 1251 1872 1277 servom.
1903 1261 1956 1266 —
1986 1237 2241 1278 Patronus
2269 1237 2377 1279 Eun.
2409 1238 2509 1280 770:

160 1306 260 1347 huic
289 1306 420 1361 ipsest
462 1321 567 1361 opus
598 1312 798 1360 patrono,
845 1319 964 1360 quem
995 1304 1258 1356 defensorem
1280 1318 1408 1357 pare.
1441 1327 1486 1334 -
1523 1302 1630 1345 Eun.
1663 1302 1763 1346 887:
1810 1310 1848 1344 te
1891 1305 1994 1345 mihi
2020 1311 2254 1360 patronam
2290 1306 2427 1361 capio.
2465 1329 2512 1337 --

162 1372 361 1427 Denique
389 1387 489 1413 rem
520 1387 672 1428 ayere
701 1372 830 1414 Haut.
860 1372 962 1414 354:
1008 1372 1132 1427 quasi
1168 1371 1263 1412 istic
1292 1384 1385 1411 mea
1414 1385 1482 1411 res
1509 1371 1647 1411 minor
1677 1377 1835 1425 ayatur
1865 1385 1989 1426 quam
2020 1378 2107 1412 tua.
2150 1396 2206 1401 —
2252 1372 2291 1412 A
2331 1373 2512 1427 poenis

162 1441 272 1481 Eun.
305 1441 406 1482 609:
443 1455 540 1480 nam
578 1440 696 1479 domo
732 1439 879 1479 exulo
908 1454 1030 1479 nunc.
1076 1462 1123 1467 -
1169 1439 1300 1479 Haut.
1332 1437 1434 1478 728:
1477 1437 1614 1493 Syrus
1656 1438 1760 1478 mihi
1802 1445 1948 1492 terqo
1983 1454 2175 1491 poenas
2210 1439 2412 1492 pendet.
2458 1462 2512 1469 —-

163 1505 274 1548 Eun.
307 1507 379 1550 70:
424 1505 563 1547 Dabis
599 1506 710 1547 ultro
746 1506 786 1547 ei
827 1505 1154 1561 supplicium.
1213 1504 1322 1546 Vide
1352 1504 1431 1545 Ad.
1464 1505 1556 1547 213.
1600 1530 1652 1535 —
1697 1504 1854 1546 Audax
1898 1505 1973 1547 illa
2001 1503 2125 1548 Phor.
2156 1504 2257 1547 978:
2301 1505 2398 1547 Non
2438 1505 2512 1548 hoc

157 1572 397 1629 publicitus
426 1572 560 1613 scelus
589 1573 683 1613 hinc
713 1573 1034 1626 asportarier
1061 1573 1112 1612 in
1141 1571 1276 1612 solas
1320 1571 1519 1611 terras?
1562 1596 1617 1601 —
1662 1572 1797 1625 Saepe
1838 1572 2105 1612 cruciandi
2147 1585 2284 1625 poena
2327 1585 2511 1614 comme-

165 1644 359 1681 moratur
388 1640 507 1681 velut
537 1639 660 1681 Phor.
693 1639 794 1680 544:
845 1653 908 1679 me
950 1653 1155 1694 quaerere
1193 1639 1238 1679 in
1267 1638 1379 1678 malo
1408 1638 1554 1678 iubeas
1584 1637 1774 1678 crucem?
1816 1662 1871 1668 —
1915 1638 1955 1679 A
1991 1638 2272 1680 sceleribus
2300 1639 2407 1681 Eun.
2439 1639 2510 1680 23:

167 1706 409 1748 eoeclamant
437 1706 625 1759 furem,
655 1721 737 1747 non
758 1712 932 1760 poetam¹
948 1706 1158 1760 fabulam
1188 1705 1366 1747 dedisse.
1398 1730 1453 1735 ———
1482 1704 1563 1747 Ad.
1585 1706 1653 1747 13:
1673 1704 1879 1759 furtum
1907 1705 2142 1760 nefactum
2159 1706 2429 1749 existumetis.
2459 1728 2513 1737 —

165 1773 234 1816 Ex
261 1774 603 1815 conviciorum
634 1786 809 1814 numero
828 1774 911 1814 huc
941 1773 1166 1814 referenda
1195 1777 1295 1815 sunt
1325 1772 1600 1825 carnufeae,
1631 1772 1744 1825 quod
1762 1773 2010 1826 saepissime
2029 1773 2200 1827 legitur,
2231 1777 2275 1814 ot
2294 1786 2349 1814 ex
2367 1773 2514 1827 lingua

166 1854 320 1896 graeca
350 1845 565 1893 sumptum
594 1840 906 1895 sycophanta
935 1840 1066 1880 Haut.
1096 1839 1162 1881 38.

372 1907 450 1948 Sed
489 1912 537 1948 ut
571 1909 656 1947 iam
685 1907 737 1947 ad
765 1908 1033 1960 metaphoras
1072 1909 1352 1958 transeamus,
1397 1918 1506 1957 quae
1551 1918 1607 1945 ex
1636 1907 1935 1946 commercio
1971 1907 2093 1957 quasi
2136 1906 2349 1947 derivatae
2395 1910 2510 1959 sunt,

167 1974 424 2026 incipiamus
454 1974 505 2014 ab
534 1974 627 2014 loco
646 1972 770 2015 Phor.
793 1972 864 2014 79:
895 1973 1012 2014 scisti
1040 1972 1114 2013 uti
1131 1970 1270 2026 foro.
1290 1996 1346 2002 —-
1364 1970 1586 2012 Pendendi
1603 1971 1781 2013 verbum
1800 1973 2128 2013 usitatissimum
2146 1976 2226 2025 est,
2257 1974 2380 2014 euius
2408 1985 2514 2015 usus

167 2040 274 2081 haec
305 2039 503 2094 exempla
532 2039 698 2082 adferre
727 2041 919 2082 contenti
949 2051 1099 2081 sumus
1131 2037 1265 2080 Andr.
1297 2037 1396 2080 526:
1423 2037 1557 2092 parvi
1581 2036 1739 2092 pendo.
1771 2059 1817 2066 -
1851 2037 1931 2079 Ad.
1960 2037 2061 2080 452:
2084 2045 2216 2093 pater
2244 2039 2326 2081 nili
2346 2038 2513 2095 pendit.

166 2106 277 2148 Eun.
309 2107 381 2148 94:
413 2107 519 2146 istuc
537 2106 712 2161 factum
740 2107 822 2147 nili
842 2107 1087 2161 penderem.
1118 2129 1162 2134 —
1203 2105 1312 2146 Eun.
1331 2105 1434 2146 411:
1467 2119 1540 2160 eqo
1569 2120 1653 2145 non
1670 2107 1802 2161 flocci
1828 2105 2030 2160 pendere.
2052 2130 2105 2136 —
2125 2106 2289 2149 Deinde
2318 2108 2399 2149 Ad.
2419 2108 2513 2149 879.

167 2173 300 2215 Haut.
336 2174 425 2214 155.
460 2197 510 2202 —
542 2173 761 2228 Referre
790 2174 898 2216 Eun.
931 2173 1032 2215 445:
1070 2188 1161 2229 par
1183 2187 1269 2227 pro
1292 2172 1403 2227 pari
1430 2171 1605 2222 referto.
1652 2196 1702 2202 —
1748 2172 1858 2214 Eun.
1891 2172 1989 2215 719:
2025 2174 2239 2215 inveniam
2261 2190 2416 2230 parem
2444 2174 2517 2215 ubi

167 2240 361 2295 referam
405 2243 602 2295 qratiam.
651 2266 703 2272 —
747 2241 913 2283 Deinde
959 2241 1154 2282 solvere
1193 2240 1327 2281 Andr.
1373 2240 1473 2281 643:
1516 2239 1679 2281 solvisti
1718 2240 1856 2291 fidem.
1903 2264 1957 2270 —
2000 2241 2143 2283 Aliter
2188 2256 2257 2284 res
2301 2256 2347 2284 se
2389 2244 2516 2284 habet

168 2307 249 2350 Ad.
284 2308 385 2350 164:
423 2323 555 2363 neque
587 2315 630 2349 tu
659 2308 797 2349 verbis
826 2308 970 2350 solves.
1005 2332 1051 2337 -—
1084 2307 1214 2350 Haut.
1246 2306 1347 2350 508:
1393 2306 1568 2348 dissolvi
1596 2321 1671 2347 me.
1704 2331 1752 2338 —
1784 2305 2050 2349 Redimere
2078 2308 2186 2352 Eun.
2219 2309 2291 2351 74:
2327 2309 2516 2351 redimas

169 2381 338 2430 captum
378 2391 503 2430 quam
541 2391 675 2431 queas
709 2377 906 2418 minume.
940 2400 988 2406 -—
1029 2373 1342 2417 Commutare
1371 2373 1503 2419 Andr.
1540 2374 1640 2416 410:
1688 2381 2037 2416 commutaturum
2064 2383 2236 2430 patrem
2265 2392 2394 2418 unum
2429 2392 2515 2419 esse

168 2442 355 2495 verbum,
387 2443 536 2484 eodem
567 2457 698 2484 sensu
713 2442 838 2484 Phor.
855 2443 955 2485 638:
988 2443 1075 2483 tria
1103 2457 1187 2484 non
1208 2440 1512 2483 commutabitis
1541 2440 1682 2483 verba.
1709 2467 1765 2473 —
1795 2441 2016 2484 Credere
2047 2447 2090 2485 et
2118 2444 2248 2485 verba
2277 2458 2375 2486 cum
2394 2444 2515 2499 fide

168 2511 401 2552 coniuncta
430 2508 554 2552 Phor.
586 2510 658 2552 61:
698 2509 849 2551 Verere
879 2508 1007 2551 verba
1038 2509 1077 2550 ei
1100 2508 1284 2561 credere,
1316 2509 1465 2565 quoius
1497 2515 1542 2551 tu
1560 2509 1696 2565 fidem
1724 2510 1771 2551 in
1784 2510 1973 2567 pecunia
1992 2510 2298 2567 perspeoeeris?
2328 2535 2376 2543 —
2408 2512 2515 2556 Hoc.

171 2577 266 2630 108,
296 2578 340 2617 9:
373 2584 458 2617 tam
489 2584 535 2617 ut
550 2585 712 2632 ter-qum
727 2592 862 2618 meum
891 2592 1009 2618 suam
1041 2577 1086 2616 in
1118 2577 1242 2621 fidem
1272 2577 1551 2618 committam?
1570 2601 1616 2607 —
1635 2579 1936 2619 Faenerare
1965 2578 2045 2621 Ad.
2063 2580 2162 2620 219:
2194 2593 2276 2620 non
2305 2580 2383 2620 tibi
2409 2582 2517 2621 istuc

163 2643 449 2697 faeneraret?
469 2667 518 2674 —
538 2642 664 2685 Phor.
683 2643 788 2686 493:
818 2644 1093 2697 faeneratum
1121 2644 1226 2684 istuc
1255 2642 1497 2696 beneficium
1518 2645 1701 2699 pulchre
1730 2644 1809 2686 tibi
1837 2645 1964 2686 dices.
1983 2669 2037 2675 —-
2056 2645 2251 2687 Debere
2266 2646 2390 2689 Phor.
2415 2648 2515 2689 661:

168 2710 277 2766 quid
304 2712 343 2752 si
370 2712 556 2752 animam
585 2710 733 2752 debet?
773 2712 890 2754 istud
919 2711 1093 2765 quidem
1122 2724 1219 2753 oum
1254 2712 1297 2752 vi
1326 2711 1592 2765 hyperboles.
1623 2736 1679 2743 ——
1710 2712 1805 2756 Uno
1848 2713 1942 2755 loco
1982 2711 2233 2755 discribere
2245 2713 2297 2755 di
2324 2715 2517 2768 verbum,

167 2779 282 2832 quod
310 2779 469 2821 dicitur
497 2778 550 2820 de
579 2792 643 2833 eo,
675 2781 748 2832 qui
777 2780 870 2822 foro
901 2780 1016 2821 cedit
1032 2778 1156 2821 Phor.
1176 2778 1270 2833 622,
1301 2779 1345 2821 3:
1377 2787 1597 2836 arqentum
1628 2795 1799 2822 rursum
1827 2780 1925 2822 iube
1953 2780 2142 2831 rescribi,
2176 2781 2289 2837 quod
2318 2781 2520 2837 discripsi

163 2860 298 2902 porro
335 2845 454 2887 illis?
482 2869 537 2877 —
565 2846 796 2888 Pretium
825 2846 958 2889 Andr.
991 2847 1091 2889 609:
1138 2861 1211 2902 eqo
1244 2847 1427 2902 pretium
1464 2847 1513 2889 ob
1542 2847 1770 2889 stultitiam
1801 2846 1923 2902 fero.
1952 2870 2008 2878 ——
2037 2847 2168 2891 Andr.
2199 2848 2273 2891 39:
2315 2856 2519 2890 summum

159 2913 353 2970 pretium
382 2913 570 2968 persolvi
598 2913 686 2955 tibi.
720 2937 770 2944 —
802 2914 1035 2969 Eleganter
1071 2914 1232 2955 dictum
1262 2913 1341 2956 Ad.
1370 2914 1471 2957 219:
1515 2930 1589 2971 eqo
1625 2930 1740 2971 spem
1772 2915 1914 2971 pretio
1952 2930 2036 2956 non
2067 2930 2166 2957 emo.
2201 2939 2244 2945 —
2279 2915 2385 2957 Hec.
2417 2916 2517 2960 799:

167 2996 342 3035 operam
374 2981 548 3034 deputat
567 2984 704 3036 parvi
723 2983 853 3036 preti.
901 3005 951 3011 —-
997 2982 1124 3023 Haut.
1156 2981 1231 3023 48:
1269 2983 1457 3036 pretium
1486 2984 1617 3023 statui
1647 2984 1732 3023 arti
1758 2998 1889 3024 meae.
1923 3006 1970 3012 —
2018 2983 2264 3023 Unciatim
2290 2982 2415 3025 Phor.
2443 2984 2517 3027 43:

167 3047 281 3105 quod
309 3047 383 3090 ille
413 3049 615 3091 unciatim
640 3050 715 3092 viae
747 3050 799 3092 de
831 3049 1023 3091 demenso
1051 3065 1122 3091 suo
1153 3050 1373 3105 comper-sit
1400 3050 1537 3092 miser.

372 3115 448 3157 Sat
476 3117 613 3158 multa
642 3130 812 3170 quoquo
843 3117 1040 3170 exempla
1070 3120 1243 3157 exstant
1273 3118 1619 3171 translationum,
1666 3129 1772 3170 quas
1816 3120 1942 3170 poeta
1984 3117 2042 3158 ab
2085 3118 2283 3159 artibus
2324 3119 2518 3173 sumpsit,

166 3195 383 3237 perpauca
429 3184 602 3236 quidem
644 3186 917 3239 nominum,
963 3184 1230 3225 verborum
1273 3184 1324 3225 ad
1364 3198 1497 3226 unum
1539 3186 1630 3227 fere
1674 3185 1828 3227 omnia.
1886 3183 2011 3226 Phor.
2042 3184 2142 3227 259:
2188 3200 2211 3226 o
2257 3185 2520 3241 artificem

162 3250 377 3304 probum!
421 3274 470 3281 —
518 3251 701 3305 Reliqua
735 3254 956 3294 nominum
997 3252 1301 3293 translatorum
1337 3252 1535 3305 exempla
1564 3265 1589 3293 a
1618 3252 1791 3294 schola
1822 3255 1923 3295 sunt
1951 3251 2138 3293 adhibita
2172 3252 2519 3307 doctrinaque,
