2635 3544
1277 179 1329 220 12

125 328 202 354 nec
231 319 277 354 tu
307 327 453 353 aram
481 311 558 352 tibi
585 326 660 352 nec
682 317 951 367 precatorem
975 313 1204 366 pararis.
1264 313 1407 354 Verba
1435 313 1538 355 dicit
1566 312 1763 354 dominus
1791 314 1946 366 iratus,
1989 316 2039 354 ut
2079 314 2255 354 noxium
2299 326 2472 357 servum

126 393 326 425 securum
353 379 513 422 reddat.

326 444 601 487 Nobilissima
629 445 783 487 deinde
813 458 893 486 ars
923 449 989 486 est
1018 445 1265 500 fingendi,
1295 458 1351 487 ex
1382 459 1466 499 qua
1493 447 1765 500 metaphorae
1793 447 1873 488 hae
1903 447 2107 488 oriuntur.
2171 446 2273 488 Sine
2299 449 2472 489 nomine

125 514 313 568 exempli
342 525 471 554 causa
501 513 632 555 Andr.
663 512 763 555 334:
799 513 958 566 facite,
992 513 1210 567 finqite,
1251 514 1445 555 invenite.
1479 537 1531 543 —
1561 512 1670 555 Cum
1701 514 1904 556 vocabulo
1930 512 2166 567 fallacia
2194 514 2470 555 coniunctum

123 577 252 623 Haut.
284 579 386 633 533,
417 579 549 622 Andr.
580 579 680 633 2203
706 604 760 612 —-
785 579 899 621 idem
929 579 1103 622 denotat
1132 579 1349 632 fabrica
1378 579 1506 622 Haut.
1538 579 1622 621 544
1651 583 1695 622 et
1723 579 1831 623 Eun.
1863 580 1963 623 200:
1993 594 2128 636 neque
2156 581 2220 621 ‘me
2238 578 2469 634 finoeisse

118 645 256 699 falsi
284 647 522 702 quicquam.
545 670 596 675 —
618 645 827 688 Causam
849 648 1064 702 fingere
1094 648 1202 690 Eun.
1236 647 1327 691 138.
1349 671 1395 678 -
1416 647 1520 688 Hec.
1552 647 1652 689 693:
1684 647 1950 703 confingis
1967 647 2166 702 fabulae,
2196 662 2390 701 causae,
2413 669 2469 679 —

123 713 237 755 idem
270 714 446 755 verbum
476 713 607 755 Andr.
639 714 741 755 558:
787 714 993 755 lacrimae
1036 715 1300 769 confictae
1332 713 1453 756 dolie.
1498 738 1550 744 —
1592 713 1811 756 Audacter
1850 713 2024 767 quidem
2066 713 2142 757 sed
2182 713 2471 768 pulcherrime

122 778 252 824 Haut.
284 779 398 824 887:
429 779 565 822 voltus
597 795 757 837 quoque
788 780 996 823 hominum
1037 781 1198 838 fingit
1238 780 1372 823 scelus
1401 784 1444 823 et
1471 779 1599 822 Haut.
1633 778 1731 822 898:
1775 778 1867 822 Sed
1892 779 1967 822 ille
2003 787 2115 822 tuom
2145 795 2303 838 quoque
2331 779 2473 838 Syrus

123 847 234 888 idem
262 848 368 888 mire
388 848 562 903 finxit
579 848 738 901 filium.
783 871 840 878 —-
883 849 1217 904 Depinqendi
1244 852 1288 889 in
1320 849 1446 890 verbo
1476 849 1542 888 vis
1577 848 1877 900 descriptionis
1916 849 2049 903 inest,
2091 849 2205 901 quod
2246 861 2331 889 uno
2374 849 2470 889 loco

121 915 359 968 reperimus
400 913 524 956 Phor.
571 914 673 956 268:
716 915 852 955 Facta
896 915 1135 970 clepinoeit
1178 930 1315 956 senex.
1386 914 1527 955 Aliter
1566 914 1723 968 impin
1734 927 1850 968 qere
1894 912 2019 956 Phor.
2063 915 2165 956 439:
2210 913 2350 956 dicam
2392 913 2472 955 tibi

121 981 378 1036 inpinqam
408 981 626 1036 qrandem.
688 981 844 1023 Confer
885 990 1075 1024 nostrum
1120 981 1408 1036 „onstreicbenfl
1469 980 1598 1023 Haut.
1629 980 1729 1023 289:
1777 980 1902 1022 nulla
1946 980 2065 1022 mala
2106 995 2153 1022 re
2197 996 2282 1023 esse
2326 995 2470 1037 empo-

122 1048 269 1089 litam
297 1048 553 1101 muliebri*).

323 1115 391 1157 Ex
433 1121 543 1158 arte
585 1116 807 1158 ferraria
852 1118 1098 1171 saepissime
1139 1117 1279 1158 verbis
1324 1114 1573 1157 tundendi
1615 1121 1657 1155 et
1702 1113 2017 1156 obtundendi
2059 1116 2314 1171 exprimitur
2356 1116 2471 1157 male

122 1190 353 1225 tractare
384 1183 585 1237 aliquem,
617 1185 737 1226 velut
769 1184 913 1237 verbis,
944 1184 1180 1240 roqe’tando,
1204 1182 1413 1239 precibus.
1473 1182 1580 1224 Eun.
1600 1182 1702 1223 554:
1738 1181 1824 1231 Qui
1851 1197 1915 1223 me
1944 1182 2219 1239 royitando
2248 1183 2465 1226 obtundat.

122 1275 177 1284 ——
207 1251 341 1293 Andr.
372 1252 477 1293 348:
521 1251 770 1293 obtundis.
802 1277 855 1282 —
884 1252 989 1295 Hec.
1024 1253 1123 1293 123:
1169 1251 1420 1292 tundendo
1452 1250 1599 1303 effecit
1628 1264 1767 1291 senem.
1800 1274 1855 1280 —
1883 1250 2012 1293 Haut.
2044 1250 2147 1293 879:
2193 1251 2293 1293 deos
2318 1258 2467 1306 ‚qo-atu-

123 1318 254 1360 lando
286 1319 572 1361 obtundere.
618 1343 666 1350 —-
712 1320 790 1362 Ad.
825 1321 919 1361 113:
964 1334 1105 1360 neme
1135 1318 1387 1360 obtundas
1418 1318 1469 1359 de
1498 1318 1577 1359 bac
1606 1332 1664 1360 re.
1713 1342 1760 1348 -—
1808 1316 1915 1360 Tum
1945 1317 2161 1373 fodere,
2207 1318 2465 1373 ecfodere,

123 1399 378 1439 quamquam
411 1391 549 1439 erunt,
581 1389 655 1438 qui
684 1399 756 1428 eas
787 1388 996 1439 putabunt
1019 1388 1101 1428 alio
1122 1386 1366 1427 referendas
1387 1398 1480 1427 esse
1499 1385 1814 1427 translationes.
1872 1383 1978 1427 Hec.
2008 1385 2110 1427 461:
2140 1385 2246 1426 Noli
2263 1385 2464 1441 fodere.

123 1478 172 1485 —-
204 1453 313 1495 Eun.
348 1453 447 1495 739:
490 1452 612 1494 Oculi
642 1453 708 1494 illi
737 1453 831 1494 ilico
863 1453 1168 1508 esodientur.
1199 1477 1253 1483 —
1285 1453 1492 1495 Similiter
1522 1450 1814 1507 eoeculpcre.
1844 1474 1897 1480 —-
1927 1450 2035 1494 Eun.
2066 1451 2164 1494 712:
2210 1451 2384 1504 Possum
2411 1468 2467 1494 ne

119 1536 193 1576 eqo
223 1520 346 1561 hodie
378 1535 430 1560 eac
462 1527 500 1559 te
532 1520 803 1574 eoeculpere
836 1520 1007 1560 verum?
1049 1545 1099 1552 —-
1143 1527 1377 1560 eaecntere
1408 1518 1536 1560 Haut.
1572 1518 1669 1560 167:
1715 1518 1951 1559 Lacrumas
1988 1520 2211 1561 eaecussit
2238 1520 2369 1563 mihi.
2410 1543 2464 1552 —

118 1586 225 1629 Tum
257 1587 440 1627 cudere
472 1586 600 1629 Haut.
628 1588 726 1629 740:
759 1596 972 1641 arqentnm
1006 1588 1141 1628 cudo.
1169 1612 1216 1617 —
1246 1587 1352 1628 Eun.
1373 1586 1473 1628 381:
1505 1587 1637 1626 istaec
1665 1586 1710 1626 in
1738 1600 1802 1626 me
1833 1585 2046 1626 cudetur
2062 1586 2195 1640 faba,
2226 1587 2339 1639 quod
2366 1600 2466 1641 pro-

117 1655 253 1697 berbii
297 1656 390 1696 loco
435 1656 642 1695 usitatum
688 1661 859 1708 propter
895 1656 1020 1696 duras
1058 1656 1175 1696 fabas
1211 1655 1377 1697 dicitur.
1421 1678 1475 1683 —
1516 1654 1707 1694 Acuere
1738 1653 1817 1695 Ad.
1850 1653 1951 1696 835:
1995 1653 2093 1695 illos
2142 1660 2260 1695 aetas
2304 1661 2465 1709 acuet,

116 1734 226 1775 quae
255 1722 478 1763 translatio
509 1722 856 1775 frequentissima
873 1729 950 1764 est.
969 1723 1105 1763 —Ex
1135 1724 1394 1764 tonstrina
1423 1722 1629 1763 translata
1661 1726 1762 1763 sunt
1791 1720 2086 1775 conradere,
2118 1721 2377 1764 abradere.
2413 1746 2463 1753 -

113 1788 246 1832 Haut.
282 1789 379 1832 141:
423 1790 629 1830 conrasi
657 1790 806 1832 omnia.
839 1814 892 1819 —
924 1789 1048 1832 Phor.
1079 1790 1152 1833 40:
1195 1805 1343 1830 munus
1371 1789 1445 1831 hoc
1475 1788 1784 1830 conraditur.
1819 1813 1867 1819 —-
1899 1788 1979 1832 Ad.
2009 1789 2111 1833 242:
2157 1790 2292 1831 minas
2321 1789 2463 1831 decem

115 1858 355 1899 conradet
387 1856 598 1899 alicunde.
635 1881 683 1887 -—
716 1856 838 1899 Phor.
871 1858 969 1899 333:
1019 1857 1126 1898 unde
1157 1857 1322 1913 aliquid
1353 1856 1538 1898 abradi
1560 1863 1709 1912 potest.
1739 1880 1791 1887 -—
1816 1855 2023 1911 Sequitur
2050 1871 2130 1899 ars
2160 1858 2460 1901 medicinae.

113 1924 343 1966 Remedii
382 1925 580 1966 vocabuli
617 1925 825 1966 nonnulla
855 1937 952 1966 cum
985 1925 1110 1966 verbo
1141 1927 1358 1966 coniuncti
1390 1925 1587 1978 exempla
1617 1926 1854 1978 reperimus
1883 1925 2003 1966 velut
2032 1924 2164 1967 Andr.
2194 1925 2296 1969 468:
2341 1924 2465 1974 Quod

113 1992 381 2032 remedium
414 2007 523 2032 nunc
553 1992 650 2031 kuic
685 1992 796 2031 malo
829 1992 1064 2032 int-eniam?
1095 2015 1144 2022 —
1178 1993 1308 2033 Andr.
1341 1993 1443 2033 831:
1472 1999 1598 2045 ynato
1628 1998 1674 2031 ut
1703 1992 1991 2032 medicarer
2020 1999 2102 2035 tuo.
2133 2017 2188 2023 —
2216 1993 2324 2035 Eun.
2354 1994 2461 2035 439:

113 2059 233 2100 Haec
261 2074 329 2100 res
358 2059 488 2101 solast
517 2058 750 2101 remedio.
784 2083 832 2089 —-
867 2058 996 2101 Haut.
1028 2059 1128 2101 539:
1173 2059 1432 2112 ,Magnarum
1460 2073 1586 2112 saepe
1616 2057 1663 2098 id
1691 2057 1964 2099 remedium
1992 2059 2357 2115 aegritudinum-st.
2406 2083 2459 2091 -

112 2126 273 2168 Eodem
304 2140 433 2168 sensu
462 2126 591 2168 Haut.
628 2128 727 2169 100:
776 2133 1033 2181 aeyrotum
1077 2126 1263 2167 animum
1304 2124 1611 2167 adulescentuli
1641 2131 1879 2170 tractare.
1937 2126 2302 2181 Audacissimum,
2348 2127 2461 2181 quod

112 2198 251 2236 amata
280 2199 420 2235 amato
451 2193 554 2234 dicit
586 2193 663 2237 Ad.
695 2193 796 2235 294:
827 2192 901 2233 sol
911 2208 960 2232 us
990 2207 1178 2234 ‘mearum
1208 2194 1514 2234 miseriarumst
1542 2192 1826 2235 remedium.

315 2261 465 2302 Fabri
510 2261 725 2315 lignarii
769 2262 938 2314 propria
983 2262 1086 2302 haec
1132 2262 1261 2302 verba
1305 2265 1405 2302 sunt
1449 2261 1681 2313 caedere,
1729 2261 2042 2316 rescindere,
2093 2261 2459 2316 conylatinare.

117 2327 248 2369 Haut.
280 2328 380 2368 242:
431 2328 531 2368 dum
574 2343 782 2368 sermones
824 2328 1091 2369 caedimus.
1130 2352 1173 2358 ——
1210 2328 1332 2370 Phor.
1371 2328 1513 2379 455J6:
1559 2327 1660 2368 mihi
1699 2343 1781 2369 non
1829 2328 1996 2370 videtur
2043 2329 2155 2385 quod
2200 2330 2255 2370 sit
2294 2329 2461 2382 factum

112 2394 288 2448 legibus,
333 2395 559 2436 rescindi
581 2410 717 2450 posse.
750 2419 802 2424 —
833 2395 965 2436 Andr.
997 2396 1096 2437 913:
1140 2395 1397 2435 meretricios
1427 2409 1589 2436 amores
1617 2395 1774 2450 nuptiis
1804 2395 2141 2451 conqlutinas.
2174 2419 2228 2425 —
2273 2395 2463 2451 Cogntur

112 2460 297 2513 denique
326 2462 405 2502 hoc
435 2474 586 2514 agmen
617 2463 933 2515 vocabulorum,
976 2474 1085 2514 quae
1115 2463 1334 2515 proprium
1364 2462 1503 2502 locum
1540 2463 1583 2502 in
1610 2463 1806 2503 artibus
1842 2463 2012 2516 habent,
2054 2464 2184 2504 variis
2213 2464 2279 2503 his
2318 2466 2458 2503 trans-

111 2529 353 2569 lationibus.
391 2552 437 2559 —-
469 2528 626 2569 Suere
671 2542 753 2571 uno
790 2529 901 2571 loco:
943 2528 1067 2570 Phor.
1105 2529 1207 2570 495:
1251 2543 1301 2568 ne
1345 2528 1447 2583 quid
1485 2544 1558 2569 suo
1599 2536 1714 2570 suat
1756 2530 1901 2584 capiti,
1945 2530 2059 2583 quod
2099 2532 2144 2571 in
2185 2529 2459 2584 proverbium

110 2596 253 2637 cessit.
290 2620 333 2625 —-
370 2595 588 2645 Ducere,
624 2596 911 2650 producere
946 2596 1074 2638 Andr.
1112 2595 1209 2638 180:
1250 2610 1323 2635 nos
1354 2595 1470 2636 duci
1498 2595 1613 2647 falso
1642 2596 1816 2651 ‚qaudia
1848 2621 1902 2627 —
1932 2597 2066 2639 Andr.
2099 2596 2198 2639 648:
2225 2595 2356 2652 falsa
2384 2610 2457 2652 spe

102 2662 435 2718 produceres,
478 2664 604 2718 idque
646 2664 871 2718 permultis
915 2665 1030 2706 locis.
1079 2686 1128 2694 ——
1176 2663 1392 2704 ssliscere
1431 2664 1558 2707 Haut.
1597 2664 1698 2707 783:
1753 2664 1813 2705 Ta
1850 2665 1981 2706 istaec
2020 2672 2092 2706 tua
2133 2665 2361 2717 misceto,
2404 2678 2460 2705 ne

107 2745 172 2773 me
204 2731 495 2773 admisceas.
538 2756 587 2761 —
631 2732 824 2773 Similem
855 2745 1029 2773 sensum
1059 2731 1233 2785 praebet
1263 2732 1623 2775 contaminare.
1685 2731 1758 2773 Bis
1802 2734 1844 2773 in
1876 2733 2063 2787 prologis
2103 2733 2156 2774 de
2192 2732 2348 2775 fabulis
2383 2731 2458 2772 ad-

108 2800 242 2841 hibito
284 2801 328 2840 in
369 2801 445 2840 hoc
479 2801 605 2841 verbo
637 2814 787 2841 sensus
830 2802 1079 2841 notissimus
1111 2800 1232 2840 inest.
1293 2799 1423 2841 Andr.
1459 2801 1522 2853 16,
1552 2799 1680 2841 Haut.
1718 2799 1779 2842 17.
1809 2824 1863 2829 —
1892 2799 1991 2841 Alia
2021 2813 2090 2842 res
2121 2804 2187 2842 est
2215 2799 2323 2841 Eun.
2355 2798 2458 2840 552:

106 2866 174 2907 Ne
203 2867 287 2908 hoc·
307 2866 512 2922 ⁸(laudium
543 2868 844 2908 contaminet
878 2868 960 2907 rita
983 2866 1251 2921 aeyritudine
1278 2866 1437 2922 aliqua.
1458 2891 1510 2897 -
1530 2867 1792 2908 Instruere
1810 2866 1940 2908 Haut.
1960 2867 2062 2909 449:
2099 2865 2237 2914 Quam
2267 2880 2317 2906 ea
2347 2880 2461 2906 nunc

310 3070 342 3106 *)
378 3068 416 3102 In
453 3068 516 3101 hoc·
551 3080 648 3102 νει-ευ
673 3069 851 3103 Bcntleius
889 3068 1005 3101 haeret
1039 3071 1176 3112 propter
1208 3068 1368 3102 vocabula
1400 3080 1470 3102 esse
1503 3071 1538 3102 ct
1568 3069 1768 3111 expolitam.
1815 3067 1914 3102 Certe
1945 3068 2033 3101 illud
2066 3068 2204 3101 verbum
2235 3067 2369 3102 nullum
2399 3067 2460 3102 hic

376 3124 486 3157 locum
512 3124 615 3158 habet
640 3128 674 3158 ct
699 3125 846 3158 absurde
872 3124 1023 3168 positum
1049 3123 1185 3157 videtur
1208 3124 1250 3157 ad
1276 3135 1391 3158 verum
1417 3124 1693 3157 sustentandum.
1742 3123 1803 3157 Vir
1827 3123 2049 3157 doctissimus
2073 3123 2217 3157 coniecit
2235 3124 2326 3157 verbi
2346 3122 2456 3168 inepti

374 3191 495 3213 causa:
532 3183 629 3213 nulla
664 3182 758 3214 mala
795 3192 831 3214 re
869 3180 1195 3223 interpolatam
1230 3179 1397 3213 muliebri.
1446 3178 1539 3221 Quae
1574 3179 1771 3213 coniectura
1805 3178 1951 3213 eundem
1988 3189 2126 3213 sensum
2160 3178 2319 3224 praebet,
2354 3188 2457 3224 quem

375 3237 518 3281 antiqua
542 3237 651 3270 lectio.
700 3236 785 3271 Cum
811 3240 995 3281 utrumqne
1019 3239 1052 3270 et
1077 3236 1261 3281 expolitam
1285 3240 1320 3270 et
1345 3236 1586 3280 interpolatam
1607 3235 1709 3270 semel
1723 3234 1853 3269 dictum
1866 3235 1914 3269 sit
1926 3234 2017 3280 apud
2030 3234 2237 3277 Terentium,
2262 3237 2371 3269 totam
2384 3245 2459 3268 rem

375 3292 409 3325 in
435 3292 576 3326 dubium
603 3304 767 3327 vocennss.
